<!DOCTYPE html>
<html class="js dj_webkit dj_safari dj_contentbox" xmlns:wairole="http://www.w3.org/2005/01/wai-rdf/GUIRoleTaxonomy#" xmlns:waistate="http://www.w3.org/2005/07/aaa" lang="en" xml:lang="en">
<!-- BEGIN CategoriesDisplay.jsp --><head>
<meta http-equiv="Content-Type" content="text/html; charset=UTF-8">
<title>Fresh pasta | Sainsbury's</title>
<meta name="description" content="Buy Fresh pasta online from Sainsbury's, the same great quality, freshness and choice you'd find in store. Choose from 1 hour delivery slots and collect Nectar points.">
<meta name="keyword" content="fresh pasta">
<link rel="canonical" href="http://www.sainsburys.co.uk/shop/gb/groceries/chilled-/fresh-pasta-and-sauce-fresh-pasta">
<!-- BEGIN CommonCSSToInclude.jspf --><!--[if IE 8]>
    <link type="text/css" href="http://c1.sainsburys.co.uk/wcsstore7.20.1.145/SainsburysStorefrontAssetStore/css/main-ie8.min.css" rel="stylesheet" media="all" />
	<![endif]--><!--[if !IE 8]><!--><link type="text/css" href="http://c1.sainsburys.co.uk/wcsstore7.20.1.145/SainsburysStorefrontAssetStore/css/main.min.css" rel="stylesheet" media="all">
<!--<![endif]--><link type="text/css" href="http://c1.sainsburys.co.uk/wcsstore7.20.1.145/SainsburysStorefrontAssetStore/wcassets/groceries/css/espot.css" rel="stylesheet" media="all">
<link type="text/css" href="http://c1.sainsburys.co.uk/wcsstore7.20.1.145/SainsburysStorefrontAssetStore/css/print.css" rel="stylesheet" media="print">
<!-- END CommonCSSToInclude.jspf --><!-- BEGIN CommonJSToInclude.jspf --><meta name="CommerceSearch" content="storeId_10151">
<script type="text/javascript" src="http://www.ist-track.com/ContainerJavaScript.ashx?id=05B9FE83-74B1-43EB-B589-1CFE77B68E2C"></script><script type="text/javascript" src="http://tracker.marinsm.com/tracker/async/529av24112.js"></script><script type="text/javascript" src="https://www.googleadservices.com/pagead/conversion_async.js"></script><script type="text/javascript" src="https://connect.facebook.net/en_US/fbevents.js"></script><script type="text/javascript" src="//s.thebrighttag.com/tag?site=sp0XdVN&amp;H=cfonnjs&amp;cf=645150%2C969119%2C1501197%2C3868479&amp;mode=v1"></script><script type="text/javascript" src="http://s.btstatic.com/BrightTag.jquery-1.5.1.js"></script><script type="text/javascript" src="//www.gstatic.com/attribution/collection/attributiontools.js"></script><script type="text/javascript" src="//s.btstatic.com/lib/0aa48296ca7b6182261af570d7367f790c666cd4.js?v=2"></script><script type="text/javascript" src="//s.btstatic.com/lib/32da0331f93c723a43b2e19faddf77b41f99d326.js?v=2"></script><script type="text/javascript" src="//s.btstatic.com/lib/0bf5d7aa6f82472c841c09fb805f6ccb726da921.js?v=2"></script><script type="text/javascript" src="//s.btstatic.com/lib/525a43d946bca9c8f07bfcc56a1feb3d26d65ccb.js?v=2"></script><script type="text/javascript" src="//s.thebrighttag.com/tag?site=sp0XdVN&amp;H=cfonnjs"></script><script async="" src="//s.btstatic.com/tag.js#site=sp0XdVN"></script><script type="text/javascript" charset="utf-8" src="http://c1.sainsburys.co.uk/wcsstore7.20.1.145/SainsburysStorefrontAssetStore/js/dojo.1.7.1/dojo/fx/easing.js"></script><script type="text/javascript" charset="utf-8" src="http://c1.sainsburys.co.uk/wcsstore7.20.1.145/SainsburysStorefrontAssetStore/js/dojo.1.7.1/dojo/NodeList-traverse.js"></script><script type="text/javascript" charset="utf-8" src="http://c1.sainsburys.co.uk/wcsstore7.20.1.145/SainsburysStorefrontAssetStore/js/dojo.1.7.1/dojox/NodeList/delegate.js"></script><script type="text/javascript" charset="utf-8" src="http://c1.sainsburys.co.uk/wcsstore7.20.1.145/SainsburysStorefrontAssetStore/js/dojo.1.7.1/dojo/hash.js"></script><script type="text/javascript" charset="utf-8" src="http://c1.sainsburys.co.uk/wcsstore7.20.1.145/SainsburysStorefrontAssetStore/js/dojo.1.7.1/dojox/html/entities.js"></script><script type="text/javascript" charset="utf-8" src="http://c1.sainsburys.co.uk/wcsstore7.20.1.145/SainsburysStorefrontAssetStore/js/dojo.1.7.1/dojo/parser.js"></script><script type="text/javascript" charset="utf-8" src="http://c1.sainsburys.co.uk/wcsstore7.20.1.145/SainsburysStorefrontAssetStore/js/dojo.1.7.1/dijit/layout/AccordionContainer.js"></script><script type="text/javascript" charset="utf-8" src="http://c1.sainsburys.co.uk/wcsstore7.20.1.145/SainsburysStorefrontAssetStore/js/dojo.1.7.1/dijit/layout/ContentPane.js"></script><script type="text/javascript" charset="utf-8" src="http://c1.sainsburys.co.uk/wcsstore7.20.1.145/SainsburysStorefrontAssetStore/js/dojo.1.7.1/dojox/widget/AutoRotator.js"></script><script type="text/javascript" charset="utf-8" src="http://c1.sainsburys.co.uk/wcsstore7.20.1.145/SainsburysStorefrontAssetStore/js/dojo.1.7.1/dojox/widget/rotator/Fade.js"></script><script type="text/javascript" charset="utf-8" src="http://c1.sainsburys.co.uk/wcsstore7.20.1.145/SainsburysStorefrontAssetStore/js/dojo.1.7.1/dojo/fx.js"></script><script type="text/javascript" charset="utf-8" src="http://c1.sainsburys.co.uk/wcsstore7.20.1.145/SainsburysStorefrontAssetStore/js/dojo.1.7.1/dojo/_base/url.js"></script><script type="text/javascript" charset="utf-8" src="http://c1.sainsburys.co.uk/wcsstore7.20.1.145/SainsburysStorefrontAssetStore/js/dojo.1.7.1/dojo/date/stamp.js"></script><script type="text/javascript" charset="utf-8" src="http://c1.sainsburys.co.uk/wcsstore7.20.1.145/SainsburysStorefrontAssetStore/js/dojo.1.7.1/dijit/focus.js"></script><script type="text/javascript" charset="utf-8" src="http://c1.sainsburys.co.uk/wcsstore7.20.1.145/SainsburysStorefrontAssetStore/js/dojo.1.7.1/dijit/_base/manager.js"></script><script type="text/javascript" charset="utf-8" src="http://c1.sainsburys.co.uk/wcsstore7.20.1.145/SainsburysStorefrontAssetStore/js/dojo.1.7.1/dijit/_Widget.js"></script><script type="text/javascript" charset="utf-8" src="http://c1.sainsburys.co.uk/wcsstore7.20.1.145/SainsburysStorefrontAssetStore/js/dojo.1.7.1/dijit/_Container.js"></script><script type="text/javascript" charset="utf-8" src="http://c1.sainsburys.co.uk/wcsstore7.20.1.145/SainsburysStorefrontAssetStore/js/dojo.1.7.1/dijit/_TemplatedMixin.js"></script><script type="text/javascript" charset="utf-8" src="http://c1.sainsburys.co.uk/wcsstore7.20.1.145/SainsburysStorefrontAssetStore/js/dojo.1.7.1/dijit/_CssStateMixin.js"></script><script type="text/javascript" charset="utf-8" src="http://c1.sainsburys.co.uk/wcsstore7.20.1.145/SainsburysStorefrontAssetStore/js/dojo.1.7.1/dijit/layout/StackContainer.js"></script><script type="text/javascript" charset="utf-8" src="http://c1.sainsburys.co.uk/wcsstore7.20.1.145/SainsburysStorefrontAssetStore/js/dojo.1.7.1/dojo/text.js"></script><script type="text/javascript" charset="utf-8" src="http://c1.sainsburys.co.uk/wcsstore7.20.1.145/SainsburysStorefrontAssetStore/js/dojo.1.7.1/dijit/layout/_ContentPaneResizeMixin.js"></script><script type="text/javascript" charset="utf-8" src="http://c1.sainsburys.co.uk/wcsstore7.20.1.145/SainsburysStorefrontAssetStore/js/dojo.1.7.1/dojo/string.js"></script><script type="text/javascript" charset="utf-8" src="http://c1.sainsburys.co.uk/wcsstore7.20.1.145/SainsburysStorefrontAssetStore/js/dojo.1.7.1/dojo/html.js"></script><script type="text/javascript" charset="utf-8" src="http://c1.sainsburys.co.uk/wcsstore7.20.1.145/SainsburysStorefrontAssetStore/js/dojo.1.7.1/dojo/i18n.js"></script><script type="text/javascript" charset="utf-8" src="http://c1.sainsburys.co.uk/wcsstore7.20.1.145/SainsburysStorefrontAssetStore/js/dojo.1.7.1/dijit/main.js"></script><script type="text/javascript" charset="utf-8" src="http://c1.sainsburys.co.uk/wcsstore7.20.1.145/SainsburysStorefrontAssetStore/js/dojo.1.7.1/dojox/main.js"></script><script type="text/javascript" charset="utf-8" src="http://c1.sainsburys.co.uk/wcsstore7.20.1.145/SainsburysStorefrontAssetStore/js/dojo.1.7.1/dojo/require.js"></script><script type="text/javascript" charset="utf-8" src="http://c1.sainsburys.co.uk/wcsstore7.20.1.145/SainsburysStorefrontAssetStore/js/dojo.1.7.1/dojo/Stateful.js"></script><script type="text/javascript" charset="utf-8" src="http://c1.sainsburys.co.uk/wcsstore7.20.1.145/SainsburysStorefrontAssetStore/js/dojo.1.7.1/dojo/window.js"></script><script type="text/javascript" charset="utf-8" src="http://c1.sainsburys.co.uk/wcsstore7.20.1.145/SainsburysStorefrontAssetStore/js/dojo.1.7.1/dijit/a11y.js"></script><script type="text/javascript" charset="utf-8" src="http://c1.sainsburys.co.uk/wcsstore7.20.1.145/SainsburysStorefrontAssetStore/js/dojo.1.7.1/dijit/registry.js"></script><script type="text/javascript" charset="utf-8" src="http://c1.sainsburys.co.uk/wcsstore7.20.1.145/SainsburysStorefrontAssetStore/js/dojo.1.7.1/dijit/_WidgetBase.js"></script><script type="text/javascript" charset="utf-8" src="http://c1.sainsburys.co.uk/wcsstore7.20.1.145/SainsburysStorefrontAssetStore/js/dojo.1.7.1/dijit/_OnDijitClickMixin.js"></script><script type="text/javascript" charset="utf-8" src="http://c1.sainsburys.co.uk/wcsstore7.20.1.145/SainsburysStorefrontAssetStore/js/dojo.1.7.1/dijit/_FocusMixin.js"></script><script type="text/javascript" charset="utf-8" src="http://c1.sainsburys.co.uk/wcsstore7.20.1.145/SainsburysStorefrontAssetStore/js/dojo.1.7.1/dojo/uacss.js"></script><script type="text/javascript" charset="utf-8" src="http://c1.sainsburys.co.uk/wcsstore7.20.1.145/SainsburysStorefrontAssetStore/js/dojo.1.7.1/dijit/hccss.js"></script><script type="text/javascript" charset="utf-8" src="http://c1.sainsburys.co.uk/wcsstore7.20.1.145/SainsburysStorefrontAssetStore/js/dojo.1.7.1/dojo/touch.js"></script><script type="text/javascript" charset="utf-8" src="http://c1.sainsburys.co.uk/wcsstore7.20.1.145/SainsburysStorefrontAssetStore/js/dojo.1.7.1/dojo/cache.js"></script><script type="text/javascript" charset="utf-8" src="http://c1.sainsburys.co.uk/wcsstore7.20.1.145/SainsburysStorefrontAssetStore/js/dojo.1.7.1/dojo/cookie.js"></script><script type="text/javascript" charset="utf-8" src="http://c1.sainsburys.co.uk/wcsstore7.20.1.145/SainsburysStorefrontAssetStore/js/dojo.1.7.1/dijit/layout/_LayoutWidget.js"></script><script type="text/javascript" charset="utf-8" src="http://c1.sainsburys.co.uk/wcsstore7.20.1.145/SainsburysStorefrontAssetStore/js/dojo.1.7.1/dijit/layout/utils.js"></script><script type="text/javascript" charset="utf-8" src="http://c1.sainsburys.co.uk/wcsstore7.20.1.145/SainsburysStorefrontAssetStore/js/dojo.1.7.1/dijit/_Contained.js"></script><script type="text/javascript" charset="utf-8" src="http://c1.sainsburys.co.uk/wcsstore7.20.1.145/SainsburysStorefrontAssetStore/js/dojo.1.7.1/dijit/nls/loading.js"></script><script type="text/javascript" charset="utf-8" src="http://c1.sainsburys.co.uk/wcsstore7.20.1.145/SainsburysStorefrontAssetStore/js/dojo.1.7.1/dijit/nls/common.js"></script><script type="text/javascript" charset="utf-8" src="http://c1.sainsburys.co.uk/wcsstore7.20.1.145/SainsburysStorefrontAssetStore/js/dojo.1.7.1/dojox/widget/Rotator.js"></script><script type="text/javascript" charset="utf-8" src="http://c1.sainsburys.co.uk/wcsstore7.20.1.145/SainsburysStorefrontAssetStore/js/dojo.1.7.1/dojo/regexp.js"></script><script type="text/javascript" charset="utf-8" src="http://c1.sainsburys.co.uk/wcsstore7.20.1.145/SainsburysStorefrontAssetStore/js/dojo.1.7.1/dojo/fx/Toggler.js"></script><script type="text/javascript" charset="utf-8" src="http://c1.sainsburys.co.uk/wcsstore7.20.1.145/SainsburysStorefrontAssetStore/js/dojo.1.7.1/dijit/_base.js"></script><script type="text/javascript" charset="utf-8" src="http://c1.sainsburys.co.uk/wcsstore7.20.1.145/SainsburysStorefrontAssetStore/js/dojo.1.7.1/dijit/WidgetSet.js"></script><script type="text/javascript" charset="utf-8" src="http://c1.sainsburys.co.uk/wcsstore7.20.1.145/SainsburysStorefrontAssetStore/js/dojo.1.7.1/dijit/_base/focus.js"></script><script type="text/javascript" charset="utf-8" src="http://c1.sainsburys.co.uk/wcsstore7.20.1.145/SainsburysStorefrontAssetStore/js/dojo.1.7.1/dijit/_base/place.js"></script><script type="text/javascript" charset="utf-8" src="http://c1.sainsburys.co.uk/wcsstore7.20.1.145/SainsburysStorefrontAssetStore/js/dojo.1.7.1/dijit/_base/popup.js"></script><script type="text/javascript" charset="utf-8" src="http://c1.sainsburys.co.uk/wcsstore7.20.1.145/SainsburysStorefrontAssetStore/js/dojo.1.7.1/dijit/_base/scroll.js"></script><script type="text/javascript" charset="utf-8" src="http://c1.sainsburys.co.uk/wcsstore7.20.1.145/SainsburysStorefrontAssetStore/js/dojo.1.7.1/dijit/_base/sniff.js"></script><script type="text/javascript" charset="utf-8" src="http://c1.sainsburys.co.uk/wcsstore7.20.1.145/SainsburysStorefrontAssetStore/js/dojo.1.7.1/dijit/_base/typematic.js"></script><script type="text/javascript" charset="utf-8" src="http://c1.sainsburys.co.uk/wcsstore7.20.1.145/SainsburysStorefrontAssetStore/js/dojo.1.7.1/dijit/_base/wai.js"></script><script type="text/javascript" charset="utf-8" src="http://c1.sainsburys.co.uk/wcsstore7.20.1.145/SainsburysStorefrontAssetStore/js/dojo.1.7.1/dijit/_base/window.js"></script><script type="text/javascript" charset="utf-8" src="http://c1.sainsburys.co.uk/wcsstore7.20.1.145/SainsburysStorefrontAssetStore/js/dojo.1.7.1/dijit/place.js"></script><script type="text/javascript" charset="utf-8" src="http://c1.sainsburys.co.uk/wcsstore7.20.1.145/SainsburysStorefrontAssetStore/js/dojo.1.7.1/dijit/popup.js"></script><script type="text/javascript" charset="utf-8" src="http://c1.sainsburys.co.uk/wcsstore7.20.1.145/SainsburysStorefrontAssetStore/js/dojo.1.7.1/dijit/BackgroundIframe.js"></script><script type="text/javascript" charset="utf-8" src="http://c1.sainsburys.co.uk/wcsstore7.20.1.145/SainsburysStorefrontAssetStore/js/dojo.1.7.1/dijit/typematic.js"></script><script type="text/javascript" charset="utf-8" src="http://c1.sainsburys.co.uk/wcsstore7.20.1.145/SainsburysStorefrontAssetStore/js/dojo.1.7.1/dijit/layout/StackController.js"></script><script type="text/javascript" charset="utf-8" src="http://c1.sainsburys.co.uk/wcsstore7.20.1.145/SainsburysStorefrontAssetStore/js/dojo.1.7.1/dijit/form/ToggleButton.js"></script><script type="text/javascript" charset="utf-8" src="http://c1.sainsburys.co.uk/wcsstore7.20.1.145/SainsburysStorefrontAssetStore/js/dojo.1.7.1/dijit/form/Button.js"></script><script type="text/javascript" charset="utf-8" src="http://c1.sainsburys.co.uk/wcsstore7.20.1.145/SainsburysStorefrontAssetStore/js/dojo.1.7.1/dijit/form/_ToggleButtonMixin.js"></script><script type="text/javascript" charset="utf-8" src="http://c1.sainsburys.co.uk/wcsstore7.20.1.145/SainsburysStorefrontAssetStore/js/dojo.1.7.1/dijit/form/_FormWidget.js"></script><script type="text/javascript" charset="utf-8" src="http://c1.sainsburys.co.uk/wcsstore7.20.1.145/SainsburysStorefrontAssetStore/js/dojo.1.7.1/dijit/form/_ButtonMixin.js"></script><script type="text/javascript" charset="utf-8" src="http://c1.sainsburys.co.uk/wcsstore7.20.1.145/SainsburysStorefrontAssetStore/js/dojo.1.7.1/dijit/form/_FormWidgetMixin.js"></script><script type="text/javascript" charset="utf-8" src="http://c1.sainsburys.co.uk/wcsstore7.20.1.145/SainsburysStorefrontAssetStore/js/dojo.1.7.1/dijit/layout/AccordionPane.js"></script><script type="text/javascript" charset="utf-8" src="http://c1.sainsburys.co.uk/wcsstore7.20.1.145/SainsburysStorefrontAssetStore/js/dojo.1.7.1/dijit/form/_FormValueWidget.js"></script><script type="text/javascript" charset="utf-8" src="http://c1.sainsburys.co.uk/wcsstore7.20.1.145/SainsburysStorefrontAssetStore/js/dojo.1.7.1/dijit/form/_FormValueMixin.js"></script><script type="text/javascript" charset="utf-8" src="http://c1.sainsburys.co.uk/wcsstore7.20.1.145/SainsburysStorefrontAssetStore/js/dojo.1.7.1/dijit/form/DropDownButton.js"></script><script type="text/javascript" charset="utf-8" src="http://c1.sainsburys.co.uk/wcsstore7.20.1.145/SainsburysStorefrontAssetStore/js/dojo.1.7.1/dijit/form/ComboButton.js"></script><script type="text/javascript" charset="utf-8" src="http://c1.sainsburys.co.uk/wcsstore7.20.1.145/SainsburysStorefrontAssetStore/js/dojo.1.7.1/dijit/_HasDropDown.js"></script><script type="text/javascript">  
    var _deliverySlotInfo = {                          
            expiryDateTime: '',
            currentDateTime: 'March 20,2017 08:04:27',
            ajaxCountDownUrl: 'CountdownDisplayView?langId=44&amp;storeId=10151',
            ajaxExpiredUrl: 'DeliverySlotExpiredDisplayView?langId=44&amp;storeId=10151&amp;currentPageUrl=http%3a%2f%2fwww.sainsburys.co.uk%2fwebapp%2fwcs%2fstores%2fservlet%2fCategoryDisplay%3fmsg%3d%26langId%3d44%26storeId%3d10151%26krypto%3d7Qkmmd4JZcE3l7%252BJLf8Krv%252FBP1QKJsNRC4onLI%252BaY0%252FuTP%252FeedcHKh2BT%252FXdSuI%252B76EQWaLUa%252FnQGG3pCW8hJkTK9NjU8Svv4h%252FeTlYgy%252FhE1H2rTb%252F6k0kc2GayYrUKZdeC3S1gXjM8%252BGf0s4SwXwhrLhoBZBoN80wYPCzuvbo%253D%26ddkey%3dhttp%253Agb%252Fgroceries%252Fchilled-%252Ffresh-pasta-and-sauce-fresh-pasta&amp;AJAXCall=true'
        }
    var _amendOrderSlotInfo = {                          
            expiryDateTime: '',
            currentDateTime: 'March 20,2017 08:04:27',
            ajaxAmendOrderExpiryUrl: 'AjaxOrderAmendSlotExpiryView?langId=44&amp;storeId=10151&amp;currentPageUrl=http%3a%2f%2fwww.sainsburys.co.uk%2fwebapp%2fwcs%2fstores%2fservlet%2fCategoryDisplay%3fmsg%3d%26langId%3d44%26storeId%3d10151%26krypto%3d7Qkmmd4JZcE3l7%252BJLf8Krv%252FBP1QKJsNRC4onLI%252BaY0%252FuTP%252FeedcHKh2BT%252FXdSuI%252B76EQWaLUa%252FnQGG3pCW8hJkTK9NjU8Svv4h%252FeTlYgy%252FhE1H2rTb%252F6k0kc2GayYrUKZdeC3S1gXjM8%252BGf0s4SwXwhrLhoBZBoN80wYPCzuvbo%253D%26ddkey%3dhttp%253Agb%252Fgroceries%252Fchilled-%252Ffresh-pasta-and-sauce-fresh-pasta'
        }    
    var _commonPageInfo = {
        currentUrl: 'http://www.sainsburys.co.uk/webapp/wcs/stores/servlet/CategoryDisplay?msg=&amp;langId=44&amp;storeId=10151&amp;krypto=7Qkmmd4JZcE3l7%2BJLf8Krv%2FBP1QKJsNRC4onLI%2BaY0%2FuTP%2FeedcHKh2BT%2FXdSuI%2B76EQWaLUa%2FnQGG3pCW8hJkTK9NjU8Svv4h%2FeTlYgy%2FhE1H2rTb%2F6k0kc2GayYrUKZdeC3S1gXjM8%2BGf0s4SwXwhrLhoBZBoN80wYPCzuvbo%3D&amp;ddkey=http%3Agb%2Fgroceries%2Fchilled-%2Ffresh-pasta-and-sauce-fresh-pasta',
        storeId: '10151',
        langId: '44'
    }
</script><script type="text/javascript">
	    var _rhsCheckPostCodeRuleset = {                          
	          postCode: {
	                isEmpty: {
	                      param: true,
	                      text: 'Sorry, we couldn&#39;t recognise that postcode. Please try again.',
	                      msgPlacement: "#checkPostCodePanel #Rhs_checkPostCode .field",
	                      elemToAddErrorClassTo: "#checkPostCodePanel #Rhs_checkPostCode .field"
	                },
	                minLength: {
	                      param: 5,
	                      text: 'Sorry, this entry must be at least 5 characters long.',
	                      msgPlacement: "#checkPostCodePanel #Rhs_checkPostCode .field",
	                      elemToAddErrorClassTo: "#checkPostCodePanel #Rhs_checkPostCode .field"
	                },
	                isPostcode: {
	                      param: true,
	                      text: 'Sorry, we couldn&#39;t recognise that postcode. Please try again.',
	                      msgPlacement: "#checkPostCodePanel #Rhs_checkPostCode .field",
	                      elemToAddErrorClassTo: "#checkPostCodePanel #Rhs_checkPostCode .field"
	                }
	          }
	    }
	    </script><script type="text/javascript">
      var typeAheadTrigger = 2;
</script><script type="text/javascript" data-dojo-config="isDebug: false, useCommentedJson: true,locale: 'en-gb', parseOnLoad: true, dojoBlankHtmlUrl:'/wcsstore/SainsburysStorefrontAssetStore/js/dojo.1.7.1/blank.html'" src="http://c1.sainsburys.co.uk/wcsstore7.20.1.145/SainsburysStorefrontAssetStore/js/dojo.1.7.1/dojo/dojo.js"></script><script type="text/javascript">"undefined"==typeof digitalData&&(digitalData={event:[]}),digitalData.event.push=function(){for(var t=0,e=arguments.length;e>t;t++)this[this.length]=arguments[t];var n="s_"+arguments[0].eventInfo.eventName;if(void 0!=n){var a=null;try{a=new Event(n,{bubbles:!0,cancelable:!1})}catch(i){a=document.createEvent("Event"),a.initEvent(n,!0,!1)}document.addEventListener?document.addEventListener(n,function(t){},!1):document.attachEvent(n,function(t){}),document.dispatchEvent(a)}return this.length};</script><script type="text/javascript" src="http://c1.sainsburys.co.uk/wcsstore7.20.1.145/SainsburysStorefrontAssetStore/js/sainsburys.js"></script><script type="text/javascript">require(["dojo/parser", "dijit/layout/AccordionContainer", "dijit/layout/ContentPane", "dojox/widget/AutoRotator", "dojox/widget/rotator/Fade"]);</script><script type="text/javascript" src="http://c1.sainsburys.co.uk/wcsstore7.20.1.145/SainsburysStorefrontAssetStore/wcassets/groceries/scripts/page/faq.js"></script><script type="text/javascript">if (self === top) {var antiCJ = document.getElementById("antiCJ");antiCJ.parentNode.removeChild(antiCJ);} else {top.location = self.location;}</script><!-- Maxymiser script start --><script type="text/javascript" src="//service.maxymiser.net/cdn/sainsburyscoUK/js/mmcore.js">
</script><!-- Maxymiser script end --><!-- END CommonJSToInclude.jspf -->
</head>
<body id="shelfPage" class="shelfPage floatingHeader">
<div class="hidden overlayBox" id="overlayBox" role="dialog"></div>
<div class="hidden pageOverlay" id="pageOverlay"></div>
<div id="autoCompleteList" class="autoCompleteList jsAccess" style="top: 82px; left: 790px;"></div>
<div class="hidden overlayBox" id="overlayBox" role="dialog"></div>
<div class="hidden pageOverlay" id="pageOverlay"></div>
<div id="page" style="padding-top: 169px;">
    <!-- BEGIN StoreCommonUtilities.jspf --><!-- END StoreCommonUtilities.jspf --><!-- Header Nav Start --><!-- BEGIN LayoutContainerTop.jspf --><!-- BEGIN HeaderDisplay.jspf --><!-- BEGIN CachedHeaderDisplay.jsp -->

<ul id="skipLinks">
<li><a href="#content">Skip to main content</a></li>
    <li><a href="#groceriesNav">Skip to groceries navigation menu</a></li>
    
</ul>
<div id="globalHeaderContainer">
    <div class="header globalHeader" id="globalHeader">
        <div class="globalNav">
	<ul>
<li>
			<a href="http://www.sainsburys.co.uk">
			    <span class="moreSainsburysIcon"></span>
                Explore more at Sainsburys.co.uk 
			</a>
		</li>
		<li>
			<a href="http://help.sainsburys.co.uk" rel="external">
			    <span class="helpCenterIcon"></span>
                Help Centre 
			<span class="access"> (opens in a new window/tab)</span></a>
		</li>
		<li>
			<a href="http://stores.sainsburys.co.uk" rel="external">
			    <span class="storeLocatorIcon"></span>
                Store Locator 
			<span class="access"> (opens in a new window/tab)</span></a>
		</li>
		<li class="loginRegister">
			 
				    
					<a href="https://www.sainsburys.co.uk/shop/LogonView?catalogId=10241&amp;logonCallerId=LogonButton&amp;langId=44&amp;storeId=10151&amp;URL=https%3A%2F%2Fwww.sainsburys.co.uk%2Fshop%2FMyAccount%3FlangId%3D44%26storeId%3D10151">
						<span class="userIcon"></span>
                        Log in / Register 
					</a>
				
		</li>
	</ul>
</div>

	    <div class="globalHeaderLogoSearch">
	        <!-- BEGIN LogoSearchNavBar.jspf -->

<a href="http://www.sainsburys.co.uk/shop/gb/groceries" class="mainLogo"><img src="/wcsstore/SainsburysStorefrontAssetStore/img/logo.png" alt="Sainsbury's"></a>
<div class="searchBox" role="search">
    

    <form name="sol_search" method="get" action="SearchDisplay" id="globalSearchForm">

        <input type="hidden" name="viewTaskName" value="CategoryDisplayView"><input type="hidden" name="recipesSearch" value="true"><input type="hidden" name="orderBy" value="RELEVANCE"><input type="hidden" name="favouritesSelection" value="0"><input type="hidden" name="langId" value="44"><input type="hidden" name="pageSize" value="100"><input type="hidden" name="storeId" value="10151"><label for="search" class="access">Search for products</label>
        <input type="search" name="searchTerm" id="search" maxlength="150" value="" autocomplete="off" placeholder="Search products"><button type="button" id="clearSearch" class="clearSearch hidden">Clear the search field</button>
        <input type="submit" name="searchSubmit" id="searchSubmit" value="Search">
</form>

    <a class="findProduct" href="http://www.sainsburys.co.uk/shop/ShoppingListDisplay?catalogId=10241&amp;action=ShoppingListDisplay&amp;urlLangId=&amp;langId=44&amp;storeId=10151">Search for multiple products</a>
    <!-- ul class="searchNav">
        <li class="shoppingListLink"><a href="http://www.sainsburys.co.uk/shop/ShoppingListDisplay?catalogId=10241&action=ShoppingListDisplay&urlLangId=&langId=44&storeId=10151">Find a list of products</a></li>
        <li><a href="http://stores.sainsburys.co.uk">Store Locator</a></li>
        <li><a href="https://www.sainsburys.co.uk/shop/MyAccount?langId=44&amp;storeId=10151">My Account</a></li>
        
                 <li><a href="https://www.sainsburys.co.uk/shop/QuickRegistrationFormView?catalogId=10241&amp;langId=44&amp;storeId=10151" >Register</a></li>
        
    </ul-->

</div>
<!-- END LogoSearchNavBar.jspf -->
        </div>
        <div id="groceriesNav" class="groceriesNav">
            <ul class="mainNav">
<li>
                    
                            <a class="active" href="http://www.sainsburys.co.uk/shop/gb/groceries"><strong>Groceries</strong></a>
                        
                </li>
                <li>
                    
	                           <a href="http://www.sainsburys.co.uk/shop/gb/groceries/favourites">Favourites</a>
	                        
                </li>
                <li>
                    
                          <a href="http://www.sainsburys.co.uk/shop/gb/groceries/great-offers">Great Prices</a>
                        
                </li>
                <li>
                    
                           <a href="http://www.sainsburys.co.uk/shop/gb/groceries/discover">Discover</a>
                        
                </li>
                
                <li>
                    
                           <a href="http://recipes.sainsburys.co.uk">Recipes</a>
                        
                </li>
                
            </ul>
<hr>
<p class="access">Groceries Categories</p>
                    
                    <div class="subNav">
                        <ul>
<li>
                                    
                                            <a href="http://www.sainsburys.co.uk/shop/gb/groceries/easter">Easter</a>
                                         
                                   </li>
                              
                                <li>
                                    
                                            <a href="http://www.sainsburys.co.uk/shop/gb/groceries/fruit-veg">Fruit &amp; veg</a>
                                         
                                   </li>
                              
                                <li>
                                    
                                            <a href="http://www.sainsburys.co.uk/shop/gb/groceries/meat-fish">Meat &amp; fish</a>
                                         
                                   </li>
                              
                                <li>
                                    
                                            <a href="http://www.sainsburys.co.uk/shop/gb/groceries/dairy">Dairy</a>
                                         
                                   </li>
                              
                                <li>
                                    
                                            <a class="active" href="http://www.sainsburys.co.uk/shop/gb/groceries/chilled-"><strong>Chilled</strong></a>
                                             
                                   </li>
                              
                                <li>
                                    
                                            <a href="http://www.sainsburys.co.uk/shop/gb/groceries/bakery">Bakery</a>
                                         
                                   </li>
                              
                                <li>
                                    
                                            <a href="http://www.sainsburys.co.uk/shop/gb/groceries/frozen-">Frozen</a>
                                         
                                   </li>
                              
                                <li>
                                    
                                            <a href="http://www.sainsburys.co.uk/shop/gb/groceries/food-cupboard">Food cupboard</a>
                                         
                                   </li>
                              
                                <li>
                                    
                                            <a href="http://www.sainsburys.co.uk/shop/gb/groceries/drinks">Drinks</a>
                                         
                                   </li>
                              
                                <li>
                                    
                                            <a href="http://www.sainsburys.co.uk/shop/gb/groceries/health-beauty">Health &amp; beauty</a>
                                         
                                   </li>
                              
                                <li>
                                    
                                            <a href="http://www.sainsburys.co.uk/shop/gb/groceries/baby">Baby</a>
                                         
                                   </li>
                              
                                <li>
                                    
                                            <a href="http://www.sainsburys.co.uk/shop/gb/groceries/household">Household</a>
                                         
                                   </li>
                              
                                <li>
                                    
                                            <a href="http://www.sainsburys.co.uk/shop/gb/groceries/pet">Pet</a>
                                         
                                   </li>
                              
                                <li>
                                    
                                            <a href="http://www.sainsburys.co.uk/shop/gb/groceries/home">Home</a>
                                         
                                   </li>
                              
                        </ul>
</div>
                
        </div>    
    </div>
</div>
<!-- Generated on: Mon Mar 20 08:04:27 GMT 2017  -->
<!-- END CachedHeaderDisplay.jsp --><!-- END HeaderDisplay.jspf --><!-- END LayoutContainerTop.jspf --><!-- Header Nav End --><!-- Main Area Start -->
    <div id="main">
        <!-- Content Start -->
        <div class="article" id="content">
            <!--  START BreadCrumbTrailDisplay.jsp -->
                  <div class="nav breadcrumb" id="breadcrumbNav">
                    <p class="access">You are here:</p>  
                    <ul id="breadcrumbNavList">
<li class="first">
<span class="corner"></span><a href="http://www.sainsburys.co.uk/shop/gb/groceries/chilled-"><span>Chilled</span></a>
    
        <span class="arrow"></span>
    
    <div>
        <p>Select an option:</p>
        <ul>
<li><a href="http://www.sainsburys.co.uk/shop/gb/groceries/chilled-/ready-meals--">Ready meals</a></li>
            
                <li><a href="http://www.sainsburys.co.uk/shop/gb/groceries/chilled-/pizza---garlic-bread--">Pizza &amp; garlic bread</a></li>
            
                <li><a href="http://www.sainsburys.co.uk/shop/gb/groceries/chilled-/fresh-pasta---sauces--">Fresh pasta &amp; sauces</a></li>
            
                <li><a href="http://www.sainsburys.co.uk/shop/gb/groceries/chilled-/pies--pasties---quiche">Pies, pasties &amp; quiche</a></li>
            
                <li><a href="http://www.sainsburys.co.uk/shop/gb/groceries/chilled-/coleslaw--salads---dips">Coleslaw, salads &amp; dips</a></li>
            
                <li><a href="http://www.sainsburys.co.uk/shop/gb/groceries/chilled-/olives---antipasti---">Olives &amp; antipasti</a></li>
            
                <li><a href="http://www.sainsburys.co.uk/shop/gb/groceries/chilled-/cooked-meats---pate">Cooked meats &amp; pate</a></li>
            
                <li><a href="http://www.sainsburys.co.uk/shop/gb/groceries/chilled-/soup--">Soup</a></li>
            
                <li><a href="http://www.sainsburys.co.uk/shop/gb/groceries/chilled-/party-food--">Party food</a></li>
            
                <li><a href="http://www.sainsburys.co.uk/shop/gb/groceries/chilled-/fruit-juice---smoothies">Fruit juice &amp; smoothies</a></li>
            
                <li><a href="http://www.sainsburys.co.uk/shop/gb/groceries/chilled-/desserts-299846-44">Desserts</a></li>
            
                <li><a href="http://www.sainsburys.co.uk/shop/gb/groceries/chilled-/vegetarian---meat-free">Vegetarian &amp; meat free</a></li>
            
                <li><a href="http://www.sainsburys.co.uk/shop/gb/groceries/chilled-/world-foods--kosher---halal">World foods, kosher &amp; halal</a></li>
            
                <li><a href="http://www.sainsburys.co.uk/shop/gb/groceries/chilled-/chilled-sandwich-fillers">Food to go</a></li>
            
                <li><a href="http://www.sainsburys.co.uk/shop/gb/groceries/chilled-/easy-meals">Easy meals</a></li>
            
                <li><a href="http://www.sainsburys.co.uk/shop/gb/groceries/chilled-/easy-lunches">Easy lunches</a></li>
            
        </ul>
</div>
</li>

            <li class="second">
<a href="http://www.sainsburys.co.uk/shop/gb/groceries/chilled-/fresh-pasta---sauces--"><span>Fresh pasta &amp; sauces</span></a> <span class="arrow"></span>
                <div>
                <p>Select an option:</p>
                    <ul>
<li><a href="http://www.sainsburys.co.uk/shop/gb/groceries/chilled-/fresh-pasta-and-sauce-fresh-pasta">Fresh pasta</a></li>
                        
                            <li><a href="http://www.sainsburys.co.uk/shop/gb/groceries/chilled-/pasta-sauce--">Pasta sauce</a></li>
                        
                            <li><a href="http://www.sainsburys.co.uk/shop/gb/groceries/chilled-/special-offers-279824-44">Special offers</a></li>
                        
                    </ul>
</div>
            </li>
        
    <li class="third">
<a href="http://www.sainsburys.co.uk/shop/gb/groceries/chilled-/fresh-pasta-and-sauce-fresh-pasta"><span>Fresh pasta</span></a>
        
    </li>
    
                    </ul>
</div>
                <!--  END BreadCrumbTrailDisplay.jsp --><!-- BEGIN MessageDisplay.jspf --><!-- END MessageDisplay.jspf --><!-- BEGIN ShelfDisplay.jsp -->

<div class="section">
    
    <h1 id="resultsHeading" class="resultsHeading">
        Fresh pastaÂ (40 products available)
    </h1> 

    <!-- DEBUG: shelfTopLeftESpotName = Z:CHILLED/D:FRESH_PASTA_AND_SAUCES/A:FRESH_PASTA/Shelf_Top_Left --><!-- DEBUG: shelfTopRightESpotName = Z:CHILLED/D:FRESH_PASTA_AND_SAUCES/A:FRESH_PASTA/Shelf_Top_Right -->
    <div class="eSpotContainer">
    
    <div id="sitecatalyst_ESPOT_NAME_Z:CHILLED/D:FRESH_PASTA_AND_SAUCES/A:FRESH_PASTA/Shelf_Top_Left" class="siteCatalystTag">Z:CHILLED/D:FRESH_PASTA_AND_SAUCES/A:FRESH_PASTA/Shelf_Top_Left</div>

    <div id="sitecatalyst_ESPOT_NAME_Z:CHILLED/D:FRESH_PASTA_AND_SAUCES/A:FRESH_PASTA/Shelf_Top_Right" class="siteCatalystTag">Z:CHILLED/D:FRESH_PASTA_AND_SAUCES/A:FRESH_PASTA/Shelf_Top_Right</div>

</div>
</div>

        <div class="section" id="filterContainer">
<div class="areaOverlay" id="filterOverlay"></div>
            <!-- FILTER SECTION STARTS HERE--><!-- BEGIN BrowseFacetsDisplay.jspf--><!-- Start Filter -->
	    <h2 class="access">Product filter options</h2>
        <div class="filterSlither">
            <div class="filterCollapseBar">
                <div class="noFlexComponent">
	                <a href="#filterOptions" id="showHideFilterSlither" aria-controls="filterOptions" aria-expanded="true" class="visible">
		                Filter your list
	                <span class="access">Close filter options</span></a>
	                <span class="quantitySelected" id="quantitySelected" role="status" aria-live="assertive" aria-relevant="text">
	                    
	                </span>
	                <a href="http://www.sainsburys.co.uk/shop/CategoryDisplay?pageSize=100&amp;catalogId=10241&amp;orderBy=FAVOURITES_FIRST&amp;facet=&amp;top_category=267397&amp;parent_category_rn=267397&amp;beginIndex=0&amp;categoryId=267506&amp;langId=44&amp;storeId=10151" class="repressive">
	                    Clear filters
	                </a>
	            </div>
            </div>
            
            

			<form class="shelfFilterOptions " id="filterOptions" name="search_facets_form" action="" method="get">
	            <input type="hidden" value="44" name="langId"><input type="hidden" value="10151" name="storeId"><input type="hidden" value="10241" name="catalogId"><input type="hidden" value="267506" name="categoryId"><input type="hidden" value="267397" name="parent_category_rn"><input type="hidden" value="267397" name="top_category"><input type="hidden" value="100" name="pageSize"><input type="hidden" value="FAVOURITES_FIRST" name="orderBy"><input type="hidden" value="" name="searchTerm"><input type="hidden" value="0" name="beginIndex"><div class="wrapper" id="filterOptionsContainer">
                    
		            

<div class="field options">
    <div class="indicator">
        <p>Options:</p>
    </div>
    <div class="checkboxes">
        
        
            
            <div class="input">
            
            
		                  <input id="globalOptions0" name="facet" type="checkbox" disabled value="" aria-disabled="true"><label class="favouritesLabel" for="globalOptions0">Favourites</label>
                    
	        </div>
	        
	        
            
            <div class="input">
            
            
		                  <input id="globalOptions1" name="facet" type="checkbox" value="86"><label for="globalOptions1">New</label>
		            
	        </div>
	        
	        
            
            <div class="input">
            
            
		                  <input id="globalOptions2" name="facet" type="checkbox" value="88"><label class="offersLabel" for="globalOptions2">Offers</label>
                    
	        </div>
	        
	        
        
    </div>
    
</div>
<!-- BEGIN BrandFacetDisplay.jspf -->

<div class="field topBrands">
    <div class="indicator">
        <p>Top Brands:</p>
    </div>
    <div class="checkboxes">
        
        
            <div class="input">
	           
                       <input id="topBrands0" name="facet" type="checkbox" value="887"><label for="topBrands0">Sainsbury's</label>
	       </div>
	       
            <div class="input">
	           
                       <input id="topBrands1" name="facet" type="checkbox" value="4294964387"><label for="topBrands1">Giovanni Rana</label>
	       </div>
	       
            <div class="input">
	           
                       <input id="topBrands2" name="facet" type="checkbox" value="4294957634"><label for="topBrands2">Evexia</label>
	       </div>
	       
	    
    </div>
</div>

<!-- END BrandFacetDisplay.jspf --><!-- BEGIN TypeFacetDisplay.jspf -->

<div class="field type">
	
	        <div class="indicator">
               <p>Type:</p>
            </div>
	        <div class="checkboxes">
		        
		        
            
                <div class="checkBoxWrapper">
                
		            
		                    
		                    <div class="input">
		                        
		                                <input id="type0" name="facet" type="checkbox" value="4294965024"><label for="type0">Filled pasta</label>
		                    </div>
		                    
		                    
		                    
		                    <div class="input">
		                        
		                                <input id="type1" name="facet" type="checkbox" value="4294964298"><label for="type1">Unfilled pasta</label>
		                    </div>
		                    
		                    
		                    
		                    <div class="input">
		                        
		                                <input id="type2" name="facet" type="checkbox" value="4294964386"><label for="type2">Premium</label>
		                    </div>
		                    
		                    
		                        </div>
		                        <div class="checkBoxWrapper">
		                    
		        
		        </div>
		        
		    </div>
	        
	    
    
</div>

<!-- END TypeFacetDisplay.jspf -->                    
                </div> 
                
                <!-- BEGIN DietaryFacetDisplay.jspf -->

<div class="filterCollapseBarDietAndLifestyle">
    <a href="#dietAndLifestyle" id="showHideDietAndLifestyle" aria-expanded="false">Dietary &amp; lifestyle options<span class="access">Open filter options</span></a>
    <span class="misc">
        (such as vegetarian, organic and British)
    </span>
</div>

<div class="field dietAndLifestyle jsHide" id="dietAndLifestyle">
    <div class="checkboxes">
        
        
            <div class="input">
                
                        <input id="dietAndLifestyle0" name="facet" type="checkbox" value="4294966755"><label for="dietAndLifestyle0">
                   Keep Refrigerated
                </label>
            </div> 
            
            <div class="input">
                
                        <input id="dietAndLifestyle1" name="facet" type="checkbox" value="4294958735"><label for="dietAndLifestyle1">
                   Low Salt
                </label>
            </div> 
            
            <div class="input">
                
                        <input id="dietAndLifestyle2" name="facet" type="checkbox" value="4294966739"><label for="dietAndLifestyle2">
                   Suitable for Home Freezing
                </label>
            </div> 
            
            <div class="input">
                
                        <input id="dietAndLifestyle3" name="facet" type="checkbox" value="4294966753"><label for="dietAndLifestyle3">
                   Suitable for Vegans
                </label>
            </div> 
            
            <div class="input">
                
                        <input id="dietAndLifestyle4" name="facet" type="checkbox" value="4294966763"><label for="dietAndLifestyle4">
                   Suitable for Vegetarians
                </label>
            </div> 
            

    </div>
</div>

<!-- END DietaryFacetDisplay.jspf -->
            
                <div class="filterActions">
                    <input class="button primary" type="submit" id="applyfilter" name="applyfilter" value="Apply filter">
</div>
            </form>
        </div>
        
	<!-- END BrowseFacetsDisplay.jspf--><!-- FILTER SECTION ENDS HERE-->
        </div>
        <div class="section" id="productsContainer">
            <div id="productsOverlay" class="areaOverlay"></div>
            <div id="productLister">
	            
        <h2 class="access">Product pagination</h2>
        <div class="pagination">
    

    <ul class="viewOptions">
<li class="gridSelected">
                    <span class="access">Grid view</span>
                </li>
                <li class="list">
                    <a href="http://www.sainsburys.co.uk/shop/CategoryDisplay?listView=true&amp;orderBy=FAVOURITES_FIRST&amp;parent_category_rn=267397&amp;top_category=267397&amp;langId=44&amp;beginIndex=0&amp;pageSize=20&amp;catalogId=10241&amp;searchTerm=&amp;categoryId=267506&amp;listId=&amp;storeId=10151&amp;promotionId=">
                        <span class="access">List view</span>
                    </a>
                </li>
            
    </ul>
<form name="search_orderBy_form" action="CategoryDisplay" method="get">
        <input type="hidden" value="44" name="langId"><input type="hidden" value="10151" name="storeId"><input type="hidden" value="10241" name="catalogId"><input type="hidden" value="267506" name="categoryId"><input type="hidden" value="100" name="pageSize"><input type="hidden" value="0" name="beginIndex"><input type="hidden" value="" name="promotionId"><input type="hidden" value="" name="listId"><input type="hidden" value="" name="searchTerm"><input type="hidden" name="hasPreviousOrder" value=""><input type="hidden" name="previousOrderId" value=""><input type="hidden" name="categoryFacetId1" value=""><input type="hidden" name="categoryFacetId2" value=""><input type="hidden" name="bundleId" value=""><div class="field">
            <div class="indicator">
                <label for="orderBy">Sort by:</label>
            </div>

            
                    <input type="hidden" value="267397" name="parent_category_rn"><input type="hidden" value="267397" name="top_category"><div class="input">
                <div class="selectWrapper">
	                <select id="orderBy" name="orderBy"><option value="FAVOURITES_FIRST" selected>Favourites First</option>
<option value="PRICE_ASC">Price - Low to High</option>
<option value="PRICE_DESC">Price - High to Low</option>
<option value="NAME_ASC">Product Name - A - Z</option>
<option value="NAME_DESC">Product Name - Z - A</option>
<option value="TOP_SELLERS">Top Sellers</option>
<option value="RATINGS_DESC">Ratings - High to Low</option>
<option value="NEW">New</option></select><span></span>
	             </div>
            </div>
        </div>
        <div class="actions">
            <input type="submit" class="button" id="Sort" name="Sort" value="Sort">
</div>
    </form>


    <form name="search_pageSize_form" action="CategoryDisplay" method="get">
        <input type="hidden" value="44" name="langId"><input type="hidden" value="10151" name="storeId"><input type="hidden" value="10241" name="catalogId"><input type="hidden" value="267506" name="categoryId"><input type="hidden" value="FAVOURITES_FIRST" name="orderBy"><input type="hidden" value="0" name="beginIndex"><input type="hidden" value="" name="promotionId"><input type="hidden" value="" name="listId"><input type="hidden" value="" name="searchTerm"><input type="hidden" name="hasPreviousOrder" value=""><input type="hidden" name="previousOrderId" value=""><input type="hidden" name="categoryFacetId1" value=""><input type="hidden" name="categoryFacetId2" value=""><input type="hidden" name="ImportedProductsCount" value=""><input type="hidden" name="ImportedStoreName" value=""><input type="hidden" name="ImportedSupermarket" value=""><input type="hidden" name="bundleId" value=""><input type="hidden" value="267397" name="parent_category_rn"><input type="hidden" value="267397" name="top_category"><div class="field">
          <div class="indicator">
            <label for="pageSize">Per page</label>
          </div>
          <div class="input">
            <div class="selectWrapper">
	            <select id="pageSize" name="pageSize"><option value="30">30</option>
<option value="45">45</option>
<option value="60">60</option>
<option value="75">75</option>
<option value="90">90</option></select><span></span>
	         </div>
          </div>
          </div>
          <div class="actions">
              <input type="submit" class="button" id="Go" name="Go" value="Go">
</div>
    </form>

    
    <ul class="pages">
<li class="previous">
		        
		        <span class="access">Go to previous page</span>
		        
            </li>

        <li class="current">
<span class="access">Current page </span><span>1</span>
</li>
        
            <li class="next">
        
        <span class="access">Go to next page</span>
        
            </li>
    </ul>
</div>
    
                <h2 class="access">Products</h2>
	            <ul class="productLister gridView">
<li class="gridItem" style="min-height: 477px;">
	                                <!-- BEGIN CatalogEntryThumbnailDisplay.jsp --><!-- BEGIN MerchandisingAssociationsDisplay.jsp --><!-- Start - JSP File Name:  MerchandisingAssociationsDisplay.jsp --><!-- END MerchandisingAssociationsDisplay.jsp -->
            <div class="product ">
                
                <div class="productInfo">
                    <div class="productNameAndPromotions">
                        
                                  <h3>
                                    <a href="http://www.sainsburys.co.uk/shop/gb/groceries/fresh-pasta-and-sauce-fresh-pasta/sainsburys-basil---pinenuts-margherite--taste-the-difference-250g">
                                        Sainsbury's Basil &amp; Pine Nut Margherite, Taste the Difference 250g
                                        <img src="http://c2.sainsburys.co.uk/wcsstore7.20.1.145/ExtendedSitesCatalogAssetStore/images/catalog/productImages/55/0000001673555/0000001673555_L.jpeg" alt=""></a>
                                </h3>
                              
                    </div> 
                </div>
                
                <div class="errorBanner hidden" id="error95043"></div>
                <div class="addToTrolleytabBox">   
                    <!--addToTrolleytabBox GRID VIEW --><!-- Start UserSubscribedOrNot.jspf --><!-- Start UserSubscribedOrNot.jsp --><!-- 
			If the user is not logged in, render this opening 
			DIV adding an addtional class to fix the border top which is removed 
			and replaced by the tabs
		-->
		<div class="addToTrolleytabContainer addItemBorderTop">
	<!-- End AddToSubscriptionList.jsp --><!-- End AddSubscriptionList.jspf --><!-- 
                    ATTENTION!!!
                    <div class="addToTrolleytabContainer">
                    This opening div is inside "../../ReusableObjects/UserSubscribedOrNot.jsp"
                    -->
                    <div class="pricingAndTrolleyOptions">
                    	
                                    <div class="priceTab priceTabContainer activeContainer addItem" id="addItem_95043">
                                       <div class="pricing">
                                           
	<p class="pricePerUnit">
    Â£2.60<abbr title="per">/</abbr><abbr title="unit"><span class="pricePerUnitUnit">unit</span></abbr>
</p>
 
    <p class="pricePerMeasure">Â£10.40<abbr title="per">/</abbr><abbr title="kilogram"><span class="pricePerMeasureMeasure">kg</span></abbr>
    </p>

                                       </div>                                      

                                     
                                        <div class="addToTrolleyForm "> 
                                           <!-- BEGIN AddToTrolley.jsp -->

		<form class="addToTrolleyForm" name="OrderItemAddForm_95043" action="OrderItemAdd" method="post" id="OrderItemAddForm_95043">
		    <input type="hidden" name="storeId" value="10151"><input type="hidden" name="langId" value="44"><input type="hidden" name="catalogId" value="10241"><input type="hidden" name="errorViewName" value="CategoryDisplayView"><input type="hidden" name="SKU_ID" value="7079424"><input type="hidden" name="itemType" value=""><label class="access" for="quantity_95042">Quantity</label>
		        
					<input name="quantity" id="quantity_95042" type="text" size="3" value="1" class="quantity"><input type="hidden" name="catEntryId" value="95043"><input type="hidden" name="productId" value="95042"><input type="hidden" name="URL" value="http://www.sainsburys.co.uk/webapp/wcs/stores/servlet/CategoryDisplay?msg=&amp;langId=44&amp;storeId=10151&amp;krypto=7Qkmmd4JZcE3l7%2BJLf8Krv%2FBP1QKJsNRC4onLI%2BaY0%2FuTP%2FeedcHKh2BT%2FXdSuI%2B76EQWaLUa%2FnQGG3pCW8hJkTK9NjU8Svv4h%2FeTlYgy%2FhE1H2rTb%2F6k0kc2GayYrUKZdeC3S1gXjM8%2BGf0s4SwXwhrLhoBZBoN80wYPCzuvbo%3D&amp;ddkey=http%3Agb%2Fgroceries%2Fchilled-%2Ffresh-pasta-and-sauce-fresh-pasta"><input type="hidden" name="page" value=""><input type="hidden" name="contractId" value=""><input type="hidden" name="calculateOrder" value="1"><input type="hidden" name="calculationUsage" value="-1,-2,-3"><input type="hidden" name="updateable" value="1"><input type="hidden" name="merge" value="***"><input type="hidden" name="callAjax" value="false"><input class="button process" type="submit" name="Add" value="Add">
</form>
	<!-- END AddToTrolley.jsp -->
        <div class="numberInTrolley hidden numberInTrolley_95042" id="numberInTrolley_95042">
            
        </div>
    
                                        </div>

                                        <!-- BEGIN CatalogEntryRatingsReviewsInfo.jspf --><!-- productAllowedRatingsAndReviews: true -->
    <div class="reviews">
        
            <a class="numberOfReviews" href="http://www.sainsburys.co.uk/shop/gb/groceries/fresh-pasta-and-sauce-fresh-pasta/sainsburys-basil---pinenuts-margherite--taste-the-difference-250g#reviews">
                <img src="http://c2.sainsburys.co.uk/wcsstore7.20.1.145/SainsburysStorefrontAssetStore/img/stars/rating-3_1.gif" alt="3.1429" border="0">Â  
                Reviews (7)
            </a>
        
    </div>
<!-- END CatalogEntryRatingsReviewsInfo.jspf -->
                                   </div>
                               <!-- Start AddToSubscriptionList.jspf --><!-- Start AddToSubscriptionList.jsp --><!-- End AddToSubscriptionList.jsp --><!-- End AddToSubscriptionList.jspf -->     
                    </div>
                            
                    
    
    <div class="badges">
        <ul>
<li class="lastchild">

                        
                            <a href="/shop/gb/groceries/get-ideas/delivery-and-guides/freshness">
                        
                        
                        <img src="/wcsstore7.20.1.145/SainsburysStorefrontAssetStore/wcassets/icons/typical_life/typical_life_7days.jpg" alt="Typical life 7 days"></a>    
                        
                    </li>
                
        </ul>
</div>

                </div>     
            </div>
            <!--ThumbnailRestriction --><!-- END CatalogEntryThumbnailDisplay.jsp -->
	                            </div>
</li>
	                         

	                            <li class="gridItem" style="min-height: 477px;">
	                                <!-- BEGIN CatalogEntryThumbnailDisplay.jsp --><!-- BEGIN MerchandisingAssociationsDisplay.jsp --><!-- Start - JSP File Name:  MerchandisingAssociationsDisplay.jsp --><!-- END MerchandisingAssociationsDisplay.jsp -->
            <div class="product ">
                
                <div class="productInfo">
                    <div class="productNameAndPromotions">
                        
                                  <h3>
                                    <a href="http://www.sainsburys.co.uk/shop/gb/groceries/fresh-pasta-and-sauce-fresh-pasta/sainsburys-beef---red-wine-tortelloni-400g">
                                        Sainsbury's Beef &amp; Red Wine Tortelloni 400g
                                        <img src="http://c2.sainsburys.co.uk/wcsstore7.20.1.145/ExtendedSitesCatalogAssetStore/images/catalog/productImages/07/0000000230407/0000000230407_L.jpeg" alt=""></a>
                                </h3>
                              
                    </div> 
                </div>
                
                <div class="errorBanner hidden" id="error616793"></div>
                <div class="addToTrolleytabBox">   
                    <!--addToTrolleytabBox GRID VIEW --><!-- Start UserSubscribedOrNot.jspf --><!-- Start UserSubscribedOrNot.jsp --><!-- 
			If the user is not logged in, render this opening 
			DIV adding an addtional class to fix the border top which is removed 
			and replaced by the tabs
		-->
		<div class="addToTrolleytabContainer addItemBorderTop">
	<!-- End AddToSubscriptionList.jsp --><!-- End AddSubscriptionList.jspf --><!-- 
                    ATTENTION!!!
                    <div class="addToTrolleytabContainer">
                    This opening div is inside "../../ReusableObjects/UserSubscribedOrNot.jsp"
                    -->
                    <div class="pricingAndTrolleyOptions">
                    	
                                    <div class="priceTab priceTabContainer activeContainer addItem" id="addItem_616793">
                                       <div class="pricing">
                                           
	<p class="pricePerUnit">
    Â£2.00<abbr title="per">/</abbr><abbr title="unit"><span class="pricePerUnitUnit">unit</span></abbr>
</p>
 
    <p class="pricePerMeasure">Â£5.00<abbr title="per">/</abbr><abbr title="kilogram"><span class="pricePerMeasureMeasure">kg</span></abbr>
    </p>

                                       </div>                                      

                                     
                                        <div class="addToTrolleyForm "> 
                                           <!-- BEGIN AddToTrolley.jsp -->

		<form class="addToTrolleyForm" name="OrderItemAddForm_616793" action="OrderItemAdd" method="post" id="OrderItemAddForm_616793">
		    <input type="hidden" name="storeId" value="10151"><input type="hidden" name="langId" value="44"><input type="hidden" name="catalogId" value="10241"><input type="hidden" name="errorViewName" value="CategoryDisplayView"><input type="hidden" name="SKU_ID" value="7693969"><input type="hidden" name="itemType" value=""><label class="access" for="quantity_616792">Quantity</label>
		        
					<input name="quantity" id="quantity_616792" type="text" size="3" value="1" class="quantity"><input type="hidden" name="catEntryId" value="616793"><input type="hidden" name="productId" value="616792"><input type="hidden" name="URL" value="http://www.sainsburys.co.uk/webapp/wcs/stores/servlet/CategoryDisplay?msg=&amp;langId=44&amp;storeId=10151&amp;krypto=7Qkmmd4JZcE3l7%2BJLf8Krv%2FBP1QKJsNRC4onLI%2BaY0%2FuTP%2FeedcHKh2BT%2FXdSuI%2B76EQWaLUa%2FnQGG3pCW8hJkTK9NjU8Svv4h%2FeTlYgy%2FhE1H2rTb%2F6k0kc2GayYrUKZdeC3S1gXjM8%2BGf0s4SwXwhrLhoBZBoN80wYPCzuvbo%3D&amp;ddkey=http%3Agb%2Fgroceries%2Fchilled-%2Ffresh-pasta-and-sauce-fresh-pasta"><input type="hidden" name="page" value=""><input type="hidden" name="contractId" value=""><input type="hidden" name="calculateOrder" value="1"><input type="hidden" name="calculationUsage" value="-1,-2,-3"><input type="hidden" name="updateable" value="1"><input type="hidden" name="merge" value="***"><input type="hidden" name="callAjax" value="false"><input class="button process" type="submit" name="Add" value="Add">
</form>
	<!-- END AddToTrolley.jsp -->
        <div class="numberInTrolley hidden numberInTrolley_616792" id="numberInTrolley_616792">
            
        </div>
    
                                        </div>

                                        <!-- BEGIN CatalogEntryRatingsReviewsInfo.jspf --><!-- productAllowedRatingsAndReviews: true -->
    <div class="reviews">
        
            <a class="numberOfReviews" href="http://www.sainsburys.co.uk/shop/gb/groceries/fresh-pasta-and-sauce-fresh-pasta/sainsburys-beef---red-wine-tortelloni-400g#reviews">
                <img src="http://c2.sainsburys.co.uk/wcsstore7.20.1.145/SainsburysStorefrontAssetStore/img/stars/rating-5_0.gif" alt="5.0" border="0">Â  
                Reviews (1)
            </a>
        
    </div>
<!-- END CatalogEntryRatingsReviewsInfo.jspf -->
                                   </div>
                               <!-- Start AddToSubscriptionList.jspf --><!-- Start AddToSubscriptionList.jsp --><!-- End AddToSubscriptionList.jsp --><!-- End AddToSubscriptionList.jspf -->     
                    </div>
                            
                    
                </div>     
            </div>
            <!--ThumbnailRestriction --><!-- END CatalogEntryThumbnailDisplay.jsp -->
	                            </div>
</li>
	                         

	                            <li class="gridItem" style="min-height: 477px;">
	                                <!-- BEGIN CatalogEntryThumbnailDisplay.jsp --><!-- BEGIN MerchandisingAssociationsDisplay.jsp --><!-- Start - JSP File Name:  MerchandisingAssociationsDisplay.jsp --><!-- END MerchandisingAssociationsDisplay.jsp -->
            <div class="product ">
                
                <div class="productInfo">
                    <div class="productNameAndPromotions">
                        
                                  <h3>
                                    <a href="http://www.sainsburys.co.uk/shop/gb/groceries/fresh-pasta-and-sauce-fresh-pasta/sainsburys-chicken---bacon-tortelloni-400g">
                                        Sainsbury's Chicken &amp; Bacon Tortelloni 400g
                                        <img src="http://c2.sainsburys.co.uk/wcsstore7.20.1.145/ExtendedSitesCatalogAssetStore/images/catalog/productImages/16/0000000164016/0000000164016_L.jpeg" alt=""></a>
                                </h3>
                              
                    </div> 
                </div>
                
                <div class="errorBanner hidden" id="error616785"></div>
                <div class="addToTrolleytabBox">   
                    <!--addToTrolleytabBox GRID VIEW --><!-- Start UserSubscribedOrNot.jspf --><!-- Start UserSubscribedOrNot.jsp --><!-- 
			If the user is not logged in, render this opening 
			DIV adding an addtional class to fix the border top which is removed 
			and replaced by the tabs
		-->
		<div class="addToTrolleytabContainer addItemBorderTop">
	<!-- End AddToSubscriptionList.jsp --><!-- End AddSubscriptionList.jspf --><!-- 
                    ATTENTION!!!
                    <div class="addToTrolleytabContainer">
                    This opening div is inside "../../ReusableObjects/UserSubscribedOrNot.jsp"
                    -->
                    <div class="pricingAndTrolleyOptions">
                    	
                                    <div class="priceTab priceTabContainer activeContainer addItem" id="addItem_616785">
                                       <div class="pricing">
                                           
	<p class="pricePerUnit">
    Â£2.00<abbr title="per">/</abbr><abbr title="unit"><span class="pricePerUnitUnit">unit</span></abbr>
</p>
 
    <p class="pricePerMeasure">Â£5.00<abbr title="per">/</abbr><abbr title="kilogram"><span class="pricePerMeasureMeasure">kg</span></abbr>
    </p>

                                       </div>                                      

                                     
                                        <div class="addToTrolleyForm "> 
                                           <!-- BEGIN AddToTrolley.jsp -->

		<form class="addToTrolleyForm" name="OrderItemAddForm_616785" action="OrderItemAdd" method="post" id="OrderItemAddForm_616785">
		    <input type="hidden" name="storeId" value="10151"><input type="hidden" name="langId" value="44"><input type="hidden" name="catalogId" value="10241"><input type="hidden" name="errorViewName" value="CategoryDisplayView"><input type="hidden" name="SKU_ID" value="7693931"><input type="hidden" name="itemType" value=""><label class="access" for="quantity_616784">Quantity</label>
		        
					<input name="quantity" id="quantity_616784" type="text" size="3" value="1" class="quantity"><input type="hidden" name="catEntryId" value="616785"><input type="hidden" name="productId" value="616784"><input type="hidden" name="URL" value="http://www.sainsburys.co.uk/webapp/wcs/stores/servlet/CategoryDisplay?msg=&amp;langId=44&amp;storeId=10151&amp;krypto=7Qkmmd4JZcE3l7%2BJLf8Krv%2FBP1QKJsNRC4onLI%2BaY0%2FuTP%2FeedcHKh2BT%2FXdSuI%2B76EQWaLUa%2FnQGG3pCW8hJkTK9NjU8Svv4h%2FeTlYgy%2FhE1H2rTb%2F6k0kc2GayYrUKZdeC3S1gXjM8%2BGf0s4SwXwhrLhoBZBoN80wYPCzuvbo%3D&amp;ddkey=http%3Agb%2Fgroceries%2Fchilled-%2Ffresh-pasta-and-sauce-fresh-pasta"><input type="hidden" name="page" value=""><input type="hidden" name="contractId" value=""><input type="hidden" name="calculateOrder" value="1"><input type="hidden" name="calculationUsage" value="-1,-2,-3"><input type="hidden" name="updateable" value="1"><input type="hidden" name="merge" value="***"><input type="hidden" name="callAjax" value="false"><input class="button process" type="submit" name="Add" value="Add">
</form>
	<!-- END AddToTrolley.jsp -->
        <div class="numberInTrolley hidden numberInTrolley_616784" id="numberInTrolley_616784">
            
        </div>
    
                                        </div>

                                        <!-- BEGIN CatalogEntryRatingsReviewsInfo.jspf --><!-- productAllowedRatingsAndReviews: true -->
    <div class="reviews">
        
            <a class="numberOfReviews" href="http://www.sainsburys.co.uk/shop/gb/groceries/fresh-pasta-and-sauce-fresh-pasta/sainsburys-chicken---bacon-tortelloni-400g#reviews">
                <img src="http://c2.sainsburys.co.uk/wcsstore7.20.1.145/SainsburysStorefrontAssetStore/img/stars/rating-4_7.gif" alt="4.6667" border="0">Â  
                Reviews (3)
            </a>
        
    </div>
<!-- END CatalogEntryRatingsReviewsInfo.jspf -->
                                   </div>
                               <!-- Start AddToSubscriptionList.jspf --><!-- Start AddToSubscriptionList.jsp --><!-- End AddToSubscriptionList.jsp --><!-- End AddToSubscriptionList.jspf -->     
                    </div>
                            
                    
                </div>     
            </div>
            <!--ThumbnailRestriction --><!-- END CatalogEntryThumbnailDisplay.jsp -->
	                            </div>
</li>
	                         

	                            <li class="gridItem" style="min-height: 477px;">
	                                <!-- BEGIN CatalogEntryThumbnailDisplay.jsp --><!-- BEGIN MerchandisingAssociationsDisplay.jsp --><!-- Start - JSP File Name:  MerchandisingAssociationsDisplay.jsp --><!-- END MerchandisingAssociationsDisplay.jsp -->
            <div class="product ">
                
                <div class="productInfo">
                    <div class="productNameAndPromotions">
                        
                                  <h3>
                                    <a href="http://www.sainsburys.co.uk/shop/gb/groceries/fresh-pasta-and-sauce-fresh-pasta/sainsburys-chicken---chorizo-ravioli--taste-the-difference-250g">
                                        Sainsbury's Chicken &amp; Chorizo Ravioli, Taste the Difference 250g
                                        <img src="http://c2.sainsburys.co.uk/wcsstore7.20.1.145/ExtendedSitesCatalogAssetStore/images/catalog/productImages/95/0000001747195/0000001747195_L.jpeg" alt=""></a>
                                </h3>
                              
                    </div> 
                </div>
                
                <div class="errorBanner hidden" id="error98109"></div>
                <div class="addToTrolleytabBox">   
                    <!--addToTrolleytabBox GRID VIEW --><!-- Start UserSubscribedOrNot.jspf --><!-- Start UserSubscribedOrNot.jsp --><!-- 
			If the user is not logged in, render this opening 
			DIV adding an addtional class to fix the border top which is removed 
			and replaced by the tabs
		-->
		<div class="addToTrolleytabContainer addItemBorderTop">
	<!-- End AddToSubscriptionList.jsp --><!-- End AddSubscriptionList.jspf --><!-- 
                    ATTENTION!!!
                    <div class="addToTrolleytabContainer">
                    This opening div is inside "../../ReusableObjects/UserSubscribedOrNot.jsp"
                    -->
                    <div class="pricingAndTrolleyOptions">
                    	
                                    <div class="priceTab priceTabContainer activeContainer addItem" id="addItem_98109">
                                       <div class="pricing">
                                           
	<p class="pricePerUnit">
    Â£2.60<abbr title="per">/</abbr><abbr title="unit"><span class="pricePerUnitUnit">unit</span></abbr>
</p>
 
    <p class="pricePerMeasure">Â£10.40<abbr title="per">/</abbr><abbr title="kilogram"><span class="pricePerMeasureMeasure">kg</span></abbr>
    </p>

                                       </div>                                      

                                     
                                        <div class="addToTrolleyForm "> 
                                           <!-- BEGIN AddToTrolley.jsp -->

		<form class="addToTrolleyForm" name="OrderItemAddForm_98109" action="OrderItemAdd" method="post" id="OrderItemAddForm_98109">
		    <input type="hidden" name="storeId" value="10151"><input type="hidden" name="langId" value="44"><input type="hidden" name="catalogId" value="10241"><input type="hidden" name="errorViewName" value="CategoryDisplayView"><input type="hidden" name="SKU_ID" value="7340898"><input type="hidden" name="itemType" value=""><label class="access" for="quantity_98108">Quantity</label>
		        
					<input name="quantity" id="quantity_98108" type="text" size="3" value="1" class="quantity"><input type="hidden" name="catEntryId" value="98109"><input type="hidden" name="productId" value="98108"><input type="hidden" name="URL" value="http://www.sainsburys.co.uk/webapp/wcs/stores/servlet/CategoryDisplay?msg=&amp;langId=44&amp;storeId=10151&amp;krypto=7Qkmmd4JZcE3l7%2BJLf8Krv%2FBP1QKJsNRC4onLI%2BaY0%2FuTP%2FeedcHKh2BT%2FXdSuI%2B76EQWaLUa%2FnQGG3pCW8hJkTK9NjU8Svv4h%2FeTlYgy%2FhE1H2rTb%2F6k0kc2GayYrUKZdeC3S1gXjM8%2BGf0s4SwXwhrLhoBZBoN80wYPCzuvbo%3D&amp;ddkey=http%3Agb%2Fgroceries%2Fchilled-%2Ffresh-pasta-and-sauce-fresh-pasta"><input type="hidden" name="page" value=""><input type="hidden" name="contractId" value=""><input type="hidden" name="calculateOrder" value="1"><input type="hidden" name="calculationUsage" value="-1,-2,-3"><input type="hidden" name="updateable" value="1"><input type="hidden" name="merge" value="***"><input type="hidden" name="callAjax" value="false"><input class="button process" type="submit" name="Add" value="Add">
</form>
	<!-- END AddToTrolley.jsp -->
        <div class="numberInTrolley hidden numberInTrolley_98108" id="numberInTrolley_98108">
            
        </div>
    
                                        </div>

                                        <!-- BEGIN CatalogEntryRatingsReviewsInfo.jspf --><!-- productAllowedRatingsAndReviews: true -->
    <div class="reviews">
        
            <a class="numberOfReviews" href="http://www.sainsburys.co.uk/shop/gb/groceries/fresh-pasta-and-sauce-fresh-pasta/sainsburys-chicken---chorizo-ravioli--taste-the-difference-250g#reviews">
                <img src="http://c2.sainsburys.co.uk/wcsstore7.20.1.145/SainsburysStorefrontAssetStore/img/stars/rating-3_3.gif" alt="3.3333" border="0">Â  
                Reviews (3)
            </a>
        
    </div>
<!-- END CatalogEntryRatingsReviewsInfo.jspf -->
                                   </div>
                               <!-- Start AddToSubscriptionList.jspf --><!-- Start AddToSubscriptionList.jsp --><!-- End AddToSubscriptionList.jsp --><!-- End AddToSubscriptionList.jspf -->     
                    </div>
                            
                    
    
    <div class="badges">
        <ul>
<li class="lastchild">

                        
                            <a href="/shop/gb/groceries/get-ideas/delivery-and-guides/freshness">
                        
                        
                        <img src="/wcsstore7.20.1.145/SainsburysStorefrontAssetStore/wcassets/icons/typical_life/typical_life_7days.jpg" alt="Typical life 7 days"></a>    
                        
                    </li>
                
        </ul>
</div>

                </div>     
            </div>
            <!--ThumbnailRestriction --><!-- END CatalogEntryThumbnailDisplay.jsp -->
	                            </div>
</li>
	                         

	                            <li class="gridItem" style="min-height: 477px;">
	                                <!-- BEGIN CatalogEntryThumbnailDisplay.jsp --><!-- BEGIN MerchandisingAssociationsDisplay.jsp --><!-- Start - JSP File Name:  MerchandisingAssociationsDisplay.jsp --><!-- END MerchandisingAssociationsDisplay.jsp -->
            <div class="product ">
                
                <div class="productInfo">
                    <div class="productNameAndPromotions">
                        
                                  <h3>
                                    <a href="http://www.sainsburys.co.uk/shop/gb/groceries/fresh-pasta-and-sauce-fresh-pasta/sainsburys-five-cheese-tortelloni-400g">
                                        Sainsbury's Four Cheese Tortelloni 400g
                                        <img src="http://c2.sainsburys.co.uk/wcsstore7.20.1.145/ExtendedSitesCatalogAssetStore/images/catalog/productImages/54/0000000164054/0000000164054_L.jpeg" alt=""></a>
                                </h3>
                              
                    </div> 
                </div>
                
                <div class="errorBanner hidden" id="error616791"></div>
                <div class="addToTrolleytabBox">   
                    <!--addToTrolleytabBox GRID VIEW --><!-- Start UserSubscribedOrNot.jspf --><!-- Start UserSubscribedOrNot.jsp --><!-- 
			If the user is not logged in, render this opening 
			DIV adding an addtional class to fix the border top which is removed 
			and replaced by the tabs
		-->
		<div class="addToTrolleytabContainer addItemBorderTop">
	<!-- End AddToSubscriptionList.jsp --><!-- End AddSubscriptionList.jspf --><!-- 
                    ATTENTION!!!
                    <div class="addToTrolleytabContainer">
                    This opening div is inside "../../ReusableObjects/UserSubscribedOrNot.jsp"
                    -->
                    <div class="pricingAndTrolleyOptions">
                    	
                                    <div class="priceTab priceTabContainer activeContainer addItem" id="addItem_616791">
                                       <div class="pricing">
                                           
	<p class="pricePerUnit">
    Â£2.00<abbr title="per">/</abbr><abbr title="unit"><span class="pricePerUnitUnit">unit</span></abbr>
</p>
 
    <p class="pricePerMeasure">Â£5.00<abbr title="per">/</abbr><abbr title="kilogram"><span class="pricePerMeasureMeasure">kg</span></abbr>
    </p>

                                       </div>                                      

                                     
                                        <div class="addToTrolleyForm "> 
                                           <!-- BEGIN AddToTrolley.jsp -->

		<form class="addToTrolleyForm" name="OrderItemAddForm_616791" action="OrderItemAdd" method="post" id="OrderItemAddForm_616791">
		    <input type="hidden" name="storeId" value="10151"><input type="hidden" name="langId" value="44"><input type="hidden" name="catalogId" value="10241"><input type="hidden" name="errorViewName" value="CategoryDisplayView"><input type="hidden" name="SKU_ID" value="7693957"><input type="hidden" name="itemType" value=""><label class="access" for="quantity_616790">Quantity</label>
		        
					<input name="quantity" id="quantity_616790" type="text" size="3" value="1" class="quantity"><input type="hidden" name="catEntryId" value="616791"><input type="hidden" name="productId" value="616790"><input type="hidden" name="URL" value="http://www.sainsburys.co.uk/webapp/wcs/stores/servlet/CategoryDisplay?msg=&amp;langId=44&amp;storeId=10151&amp;krypto=7Qkmmd4JZcE3l7%2BJLf8Krv%2FBP1QKJsNRC4onLI%2BaY0%2FuTP%2FeedcHKh2BT%2FXdSuI%2B76EQWaLUa%2FnQGG3pCW8hJkTK9NjU8Svv4h%2FeTlYgy%2FhE1H2rTb%2F6k0kc2GayYrUKZdeC3S1gXjM8%2BGf0s4SwXwhrLhoBZBoN80wYPCzuvbo%3D&amp;ddkey=http%3Agb%2Fgroceries%2Fchilled-%2Ffresh-pasta-and-sauce-fresh-pasta"><input type="hidden" name="page" value=""><input type="hidden" name="contractId" value=""><input type="hidden" name="calculateOrder" value="1"><input type="hidden" name="calculationUsage" value="-1,-2,-3"><input type="hidden" name="updateable" value="1"><input type="hidden" name="merge" value="***"><input type="hidden" name="callAjax" value="false"><input class="button process" type="submit" name="Add" value="Add">
</form>
	<!-- END AddToTrolley.jsp -->
        <div class="numberInTrolley hidden numberInTrolley_616790" id="numberInTrolley_616790">
            
        </div>
    
                                        </div>

                                        <!-- BEGIN CatalogEntryRatingsReviewsInfo.jspf --><!-- productAllowedRatingsAndReviews: true -->
    <div class="reviews">
        
            <a class="numberOfReviews" href="http://www.sainsburys.co.uk/shop/gb/groceries/fresh-pasta-and-sauce-fresh-pasta/sainsburys-five-cheese-tortelloni-400g#reviews">
                <img src="http://c2.sainsburys.co.uk/wcsstore7.20.1.145/SainsburysStorefrontAssetStore/img/stars/rating-2_8.gif" alt="2.8" border="0">Â  
                Reviews (5)
            </a>
        
    </div>
<!-- END CatalogEntryRatingsReviewsInfo.jspf -->
                                   </div>
                               <!-- Start AddToSubscriptionList.jspf --><!-- Start AddToSubscriptionList.jsp --><!-- End AddToSubscriptionList.jsp --><!-- End AddToSubscriptionList.jspf -->     
                    </div>
                            
                    
                </div>     
            </div>
            <!--ThumbnailRestriction --><!-- END CatalogEntryThumbnailDisplay.jsp -->
	                            </div>
</li>
	                         

	                            <li class="gridItem" style="min-height: 477px;">
	                                <!-- BEGIN CatalogEntryThumbnailDisplay.jsp --><!-- BEGIN MerchandisingAssociationsDisplay.jsp --><!-- Start - JSP File Name:  MerchandisingAssociationsDisplay.jsp --><!-- END MerchandisingAssociationsDisplay.jsp -->
            <div class="product ">
                
                <div class="productInfo">
                    <div class="productNameAndPromotions">
                        
                                  <h3>
                                    <a href="http://www.sainsburys.co.uk/shop/gb/groceries/fresh-pasta-and-sauce-fresh-pasta/sainsburys-fresh-egg-fusilli-500g">
                                        Sainsbury's Fresh Egg Fusilli 500g
                                        <img src="http://c2.sainsburys.co.uk/wcsstore7.20.1.145/ExtendedSitesCatalogAssetStore/images/catalog/productImages/58/0000001143058/0000001143058_L.jpeg" alt=""></a>
                                </h3>
                              
                    </div> 
                </div>
                
                <div class="errorBanner hidden" id="error87497"></div>
                <div class="addToTrolleytabBox">   
                    <!--addToTrolleytabBox GRID VIEW --><!-- Start UserSubscribedOrNot.jspf --><!-- Start UserSubscribedOrNot.jsp --><!-- 
			If the user is not logged in, render this opening 
			DIV adding an addtional class to fix the border top which is removed 
			and replaced by the tabs
		-->
		<div class="addToTrolleytabContainer addItemBorderTop">
	<!-- End AddToSubscriptionList.jsp --><!-- End AddSubscriptionList.jspf --><!-- 
                    ATTENTION!!!
                    <div class="addToTrolleytabContainer">
                    This opening div is inside "../../ReusableObjects/UserSubscribedOrNot.jsp"
                    -->
                    <div class="pricingAndTrolleyOptions">
                    	
                                    <div class="priceTab priceTabContainer activeContainer addItem" id="addItem_87497">
                                       <div class="pricing">
                                           
	<p class="pricePerUnit">
    Â£1.50<abbr title="per">/</abbr><abbr title="unit"><span class="pricePerUnitUnit">unit</span></abbr>
</p>
 
    <p class="pricePerMeasure">Â£3.00<abbr title="per">/</abbr><abbr title="kilogram"><span class="pricePerMeasureMeasure">kg</span></abbr>
    </p>

                                       </div>                                      

                                     
                                        <div class="addToTrolleyForm "> 
                                           <!-- BEGIN AddToTrolley.jsp -->

		<form class="addToTrolleyForm" name="OrderItemAddForm_87497" action="OrderItemAdd" method="post" id="OrderItemAddForm_87497">
		    <input type="hidden" name="storeId" value="10151"><input type="hidden" name="langId" value="44"><input type="hidden" name="catalogId" value="10241"><input type="hidden" name="errorViewName" value="CategoryDisplayView"><input type="hidden" name="SKU_ID" value="6280588"><input type="hidden" name="itemType" value=""><label class="access" for="quantity_87496">Quantity</label>
		        
					<input name="quantity" id="quantity_87496" type="text" size="3" value="1" class="quantity"><input type="hidden" name="catEntryId" value="87497"><input type="hidden" name="productId" value="87496"><input type="hidden" name="URL" value="http://www.sainsburys.co.uk/webapp/wcs/stores/servlet/CategoryDisplay?msg=&amp;langId=44&amp;storeId=10151&amp;krypto=7Qkmmd4JZcE3l7%2BJLf8Krv%2FBP1QKJsNRC4onLI%2BaY0%2FuTP%2FeedcHKh2BT%2FXdSuI%2B76EQWaLUa%2FnQGG3pCW8hJkTK9NjU8Svv4h%2FeTlYgy%2FhE1H2rTb%2F6k0kc2GayYrUKZdeC3S1gXjM8%2BGf0s4SwXwhrLhoBZBoN80wYPCzuvbo%3D&amp;ddkey=http%3Agb%2Fgroceries%2Fchilled-%2Ffresh-pasta-and-sauce-fresh-pasta"><input type="hidden" name="page" value=""><input type="hidden" name="contractId" value=""><input type="hidden" name="calculateOrder" value="1"><input type="hidden" name="calculationUsage" value="-1,-2,-3"><input type="hidden" name="updateable" value="1"><input type="hidden" name="merge" value="***"><input type="hidden" name="callAjax" value="false"><input class="button process" type="submit" name="Add" value="Add">
</form>
	<!-- END AddToTrolley.jsp -->
        <div class="numberInTrolley hidden numberInTrolley_87496" id="numberInTrolley_87496">
            
        </div>
    
                                        </div>

                                        <!-- BEGIN CatalogEntryRatingsReviewsInfo.jspf --><!-- productAllowedRatingsAndReviews: true -->
    <div class="reviews">
        
            <a class="numberOfReviews" href="http://www.sainsburys.co.uk/shop/gb/groceries/fresh-pasta-and-sauce-fresh-pasta/sainsburys-fresh-egg-fusilli-500g#reviews">
                <img src="http://c2.sainsburys.co.uk/wcsstore7.20.1.145/SainsburysStorefrontAssetStore/img/stars/rating-4_5.gif" alt="4.5" border="0">Â  
                Reviews (4)
            </a>
        
    </div>
<!-- END CatalogEntryRatingsReviewsInfo.jspf -->
                                   </div>
                               <!-- Start AddToSubscriptionList.jspf --><!-- Start AddToSubscriptionList.jsp --><!-- End AddToSubscriptionList.jsp --><!-- End AddToSubscriptionList.jspf -->     
                    </div>
                            
                    
    
    <div class="badges">
        <ul>
<li class="lastchild">

                        
                            <a href="/shop/gb/groceries/get-ideas/delivery-and-guides/freshness">
                        
                        
                        <img src="/wcsstore7.20.1.145/SainsburysStorefrontAssetStore/wcassets/icons/typical_life/typical_life_7days.jpg" alt="Typical life 7 days"></a>    
                        
                    </li>
                
        </ul>
</div>

                </div>     
            </div>
            <!--ThumbnailRestriction --><!-- END CatalogEntryThumbnailDisplay.jsp -->
	                            </div>
</li>
	                         

	                            <li class="gridItem" style="min-height: 477px;">
	                                <!-- BEGIN CatalogEntryThumbnailDisplay.jsp --><!-- BEGIN MerchandisingAssociationsDisplay.jsp --><!-- Start - JSP File Name:  MerchandisingAssociationsDisplay.jsp --><!-- END MerchandisingAssociationsDisplay.jsp -->
            <div class="product ">
                
                <div class="productInfo">
                    <div class="productNameAndPromotions">
                        
                                  <h3>
                                    <a href="http://www.sainsburys.co.uk/shop/gb/groceries/fresh-pasta-and-sauce-fresh-pasta/sainsburys-italian-gemelli-pasta-500g">
                                        Sainsbury's Fresh Egg Gemelli Pasta 500g
                                        <img src="http://c2.sainsburys.co.uk/wcsstore7.20.1.145/ExtendedSitesCatalogAssetStore/images/catalog/productImages/98/0000001862898/0000001862898_L.jpeg" alt=""></a>
                                </h3>
                              
                    </div> 
                </div>
                
                <div class="errorBanner hidden" id="error106795"></div>
                <div class="addToTrolleytabBox">   
                    <!--addToTrolleytabBox GRID VIEW --><!-- Start UserSubscribedOrNot.jspf --><!-- Start UserSubscribedOrNot.jsp --><!-- 
			If the user is not logged in, render this opening 
			DIV adding an addtional class to fix the border top which is removed 
			and replaced by the tabs
		-->
		<div class="addToTrolleytabContainer addItemBorderTop">
	<!-- End AddToSubscriptionList.jsp --><!-- End AddSubscriptionList.jspf --><!-- 
                    ATTENTION!!!
                    <div class="addToTrolleytabContainer">
                    This opening div is inside "../../ReusableObjects/UserSubscribedOrNot.jsp"
                    -->
                    <div class="pricingAndTrolleyOptions">
                    	
                                    <div class="priceTab priceTabContainer activeContainer addItem" id="addItem_106795">
                                       <div class="pricing">
                                           
	<p class="pricePerUnit">
    Â£1.50<abbr title="per">/</abbr><abbr title="unit"><span class="pricePerUnitUnit">unit</span></abbr>
</p>
 
    <p class="pricePerMeasure">Â£3.00<abbr title="per">/</abbr><abbr title="kilogram"><span class="pricePerMeasureMeasure">kg</span></abbr>
    </p>

                                       </div>                                      

                                     
                                        <div class="addToTrolleyForm "> 
                                           <!-- BEGIN AddToTrolley.jsp -->

		<form class="addToTrolleyForm" name="OrderItemAddForm_106795" action="OrderItemAdd" method="post" id="OrderItemAddForm_106795">
		    <input type="hidden" name="storeId" value="10151"><input type="hidden" name="langId" value="44"><input type="hidden" name="catalogId" value="10241"><input type="hidden" name="errorViewName" value="CategoryDisplayView"><input type="hidden" name="SKU_ID" value="7586844"><input type="hidden" name="itemType" value=""><label class="access" for="quantity_106794">Quantity</label>
		        
					<input name="quantity" id="quantity_106794" type="text" size="3" value="1" class="quantity"><input type="hidden" name="catEntryId" value="106795"><input type="hidden" name="productId" value="106794"><input type="hidden" name="URL" value="http://www.sainsburys.co.uk/webapp/wcs/stores/servlet/CategoryDisplay?msg=&amp;langId=44&amp;storeId=10151&amp;krypto=7Qkmmd4JZcE3l7%2BJLf8Krv%2FBP1QKJsNRC4onLI%2BaY0%2FuTP%2FeedcHKh2BT%2FXdSuI%2B76EQWaLUa%2FnQGG3pCW8hJkTK9NjU8Svv4h%2FeTlYgy%2FhE1H2rTb%2F6k0kc2GayYrUKZdeC3S1gXjM8%2BGf0s4SwXwhrLhoBZBoN80wYPCzuvbo%3D&amp;ddkey=http%3Agb%2Fgroceries%2Fchilled-%2Ffresh-pasta-and-sauce-fresh-pasta"><input type="hidden" name="page" value=""><input type="hidden" name="contractId" value=""><input type="hidden" name="calculateOrder" value="1"><input type="hidden" name="calculationUsage" value="-1,-2,-3"><input type="hidden" name="updateable" value="1"><input type="hidden" name="merge" value="***"><input type="hidden" name="callAjax" value="false"><input class="button process" type="submit" name="Add" value="Add">
</form>
	<!-- END AddToTrolley.jsp -->
        <div class="numberInTrolley hidden numberInTrolley_106794" id="numberInTrolley_106794">
            
        </div>
    
                                        </div>

                                        <!-- BEGIN CatalogEntryRatingsReviewsInfo.jspf --><!-- productAllowedRatingsAndReviews: true -->
    <div class="reviews">
        
            <a class="numberOfReviews" href="http://www.sainsburys.co.uk/shop/gb/groceries/fresh-pasta-and-sauce-fresh-pasta/sainsburys-italian-gemelli-pasta-500g#reviews">
                <img src="http://c2.sainsburys.co.uk/wcsstore7.20.1.145/SainsburysStorefrontAssetStore/img/stars/rating-5_0.gif" alt="5.0" border="0">Â  
                Reviews (2)
            </a>
        
    </div>
<!-- END CatalogEntryRatingsReviewsInfo.jspf -->
                                   </div>
                               <!-- Start AddToSubscriptionList.jspf --><!-- Start AddToSubscriptionList.jsp --><!-- End AddToSubscriptionList.jsp --><!-- End AddToSubscriptionList.jspf -->     
                    </div>
                            
                    
    
    <div class="badges">
        <ul>
<li class="lastchild">

                        
                            <a href="/shop/gb/groceries/get-ideas/delivery-and-guides/freshness">
                        
                        
                        <img src="/wcsstore7.20.1.145/SainsburysStorefrontAssetStore/wcassets/icons/typical_life/typical_life_7days.jpg" alt="Typical life 7 days"></a>    
                        
                    </li>
                
        </ul>
</div>

                </div>     
            </div>
            <!--ThumbnailRestriction --><!-- END CatalogEntryThumbnailDisplay.jsp -->
	                            </div>
</li>
	                         

	                            <li class="gridItem" style="min-height: 477px;">
	                                <!-- BEGIN CatalogEntryThumbnailDisplay.jsp --><!-- BEGIN MerchandisingAssociationsDisplay.jsp --><!-- Start - JSP File Name:  MerchandisingAssociationsDisplay.jsp --><!-- END MerchandisingAssociationsDisplay.jsp -->
            <div class="product ">
                
                <div class="productInfo">
                    <div class="productNameAndPromotions">
                        
                                  <h3>
                                    <a href="http://www.sainsburys.co.uk/shop/gb/groceries/fresh-pasta-and-sauce-fresh-pasta/sainsburys-fresh-egg-lasagne-sheets-250g">
                                        Sainsbury's Fresh Egg Lasagne Sheets 250g
                                        <img src="http://c2.sainsburys.co.uk/wcsstore7.20.1.145/ExtendedSitesCatalogAssetStore/images/catalog/productImages/62/0000000636162/0000000636162_L.jpeg" alt=""></a>
                                </h3>
                              
                    </div> 
                </div>
                
                <div class="errorBanner hidden" id="error88933"></div>
                <div class="addToTrolleytabBox">   
                    <!--addToTrolleytabBox GRID VIEW --><!-- Start UserSubscribedOrNot.jspf --><!-- Start UserSubscribedOrNot.jsp --><!-- 
			If the user is not logged in, render this opening 
			DIV adding an addtional class to fix the border top which is removed 
			and replaced by the tabs
		-->
		<div class="addToTrolleytabContainer addItemBorderTop">
	<!-- End AddToSubscriptionList.jsp --><!-- End AddSubscriptionList.jspf --><!-- 
                    ATTENTION!!!
                    <div class="addToTrolleytabContainer">
                    This opening div is inside "../../ReusableObjects/UserSubscribedOrNot.jsp"
                    -->
                    <div class="pricingAndTrolleyOptions">
                    	
                                    <div class="priceTab priceTabContainer activeContainer addItem" id="addItem_88933">
                                       <div class="pricing">
                                           
	<p class="pricePerUnit">
    Â£1.00<abbr title="per">/</abbr><abbr title="unit"><span class="pricePerUnitUnit">unit</span></abbr>
</p>
 
    <p class="pricePerMeasure">Â£4.00<abbr title="per">/</abbr><abbr title="kilogram"><span class="pricePerMeasureMeasure">kg</span></abbr>
    </p>

                                       </div>                                      

                                     
                                        <div class="addToTrolleyForm "> 
                                           <!-- BEGIN AddToTrolley.jsp -->

		<form class="addToTrolleyForm" name="OrderItemAddForm_88933" action="OrderItemAdd" method="post" id="OrderItemAddForm_88933">
		    <input type="hidden" name="storeId" value="10151"><input type="hidden" name="langId" value="44"><input type="hidden" name="catalogId" value="10241"><input type="hidden" name="errorViewName" value="CategoryDisplayView"><input type="hidden" name="SKU_ID" value="636162"><input type="hidden" name="itemType" value=""><label class="access" for="quantity_88932">Quantity</label>
		        
					<input name="quantity" id="quantity_88932" type="text" size="3" value="1" class="quantity"><input type="hidden" name="catEntryId" value="88933"><input type="hidden" name="productId" value="88932"><input type="hidden" name="URL" value="http://www.sainsburys.co.uk/webapp/wcs/stores/servlet/CategoryDisplay?msg=&amp;langId=44&amp;storeId=10151&amp;krypto=7Qkmmd4JZcE3l7%2BJLf8Krv%2FBP1QKJsNRC4onLI%2BaY0%2FuTP%2FeedcHKh2BT%2FXdSuI%2B76EQWaLUa%2FnQGG3pCW8hJkTK9NjU8Svv4h%2FeTlYgy%2FhE1H2rTb%2F6k0kc2GayYrUKZdeC3S1gXjM8%2BGf0s4SwXwhrLhoBZBoN80wYPCzuvbo%3D&amp;ddkey=http%3Agb%2Fgroceries%2Fchilled-%2Ffresh-pasta-and-sauce-fresh-pasta"><input type="hidden" name="page" value=""><input type="hidden" name="contractId" value=""><input type="hidden" name="calculateOrder" value="1"><input type="hidden" name="calculationUsage" value="-1,-2,-3"><input type="hidden" name="updateable" value="1"><input type="hidden" name="merge" value="***"><input type="hidden" name="callAjax" value="false"><input class="button process" type="submit" name="Add" value="Add">
</form>
	<!-- END AddToTrolley.jsp -->
        <div class="numberInTrolley hidden numberInTrolley_88932" id="numberInTrolley_88932">
            
        </div>
    
                                        </div>

                                        <!-- BEGIN CatalogEntryRatingsReviewsInfo.jspf --><!-- productAllowedRatingsAndReviews: true -->
    <div class="reviews">
        
            <a class="numberOfReviews" href="http://www.sainsburys.co.uk/shop/gb/groceries/fresh-pasta-and-sauce-fresh-pasta/sainsburys-fresh-egg-lasagne-sheets-250g#reviews">
                <img src="http://c2.sainsburys.co.uk/wcsstore7.20.1.145/SainsburysStorefrontAssetStore/img/stars/rating-5_0.gif" alt="5.0" border="0">Â  
                Reviews (3)
            </a>
        
    </div>
<!-- END CatalogEntryRatingsReviewsInfo.jspf -->
                                   </div>
                               <!-- Start AddToSubscriptionList.jspf --><!-- Start AddToSubscriptionList.jsp --><!-- End AddToSubscriptionList.jsp --><!-- End AddToSubscriptionList.jspf -->     
                    </div>
                            
                    
    
    <div class="badges">
        <ul>
<li class="lastchild">

                        
                            <a href="/shop/gb/groceries/get-ideas/delivery-and-guides/freshness">
                        
                        
                        <img src="/wcsstore7.20.1.145/SainsburysStorefrontAssetStore/wcassets/icons/typical_life/typical_life_7days.jpg" alt="Typical life 7 days"></a>    
                        
                    </li>
                
        </ul>
</div>

                </div>     
            </div>
            <!--ThumbnailRestriction --><!-- END CatalogEntryThumbnailDisplay.jsp -->
	                            </div>
</li>
	                         

	                            <li class="gridItem" style="min-height: 477px;">
	                                <!-- BEGIN CatalogEntryThumbnailDisplay.jsp --><!-- BEGIN MerchandisingAssociationsDisplay.jsp --><!-- Start - JSP File Name:  MerchandisingAssociationsDisplay.jsp --><!-- END MerchandisingAssociationsDisplay.jsp -->
            <div class="product ">
                
                <div class="productInfo">
                    <div class="productNameAndPromotions">
                        
                                  <h3>
                                    <a href="http://www.sainsburys.co.uk/shop/gb/groceries/fresh-pasta-and-sauce-fresh-pasta/sainsburys-italian-macaroni-500g">
                                        Sainsbury's Fresh Egg Macaroni 500g
                                        <img src="http://c2.sainsburys.co.uk/wcsstore7.20.1.145/ExtendedSitesCatalogAssetStore/images/catalog/productImages/81/0000001862881/0000001862881_L.jpeg" alt=""></a>
                                </h3>
                              
                    </div> 
                </div>
                
                <div class="errorBanner hidden" id="error106793"></div>
                <div class="addToTrolleytabBox">   
                    <!--addToTrolleytabBox GRID VIEW --><!-- Start UserSubscribedOrNot.jspf --><!-- Start UserSubscribedOrNot.jsp --><!-- 
			If the user is not logged in, render this opening 
			DIV adding an addtional class to fix the border top which is removed 
			and replaced by the tabs
		-->
		<div class="addToTrolleytabContainer addItemBorderTop">
	<!-- End AddToSubscriptionList.jsp --><!-- End AddSubscriptionList.jspf --><!-- 
                    ATTENTION!!!
                    <div class="addToTrolleytabContainer">
                    This opening div is inside "../../ReusableObjects/UserSubscribedOrNot.jsp"
                    -->
                    <div class="pricingAndTrolleyOptions">
                    	
                                    <div class="priceTab priceTabContainer activeContainer addItem" id="addItem_106793">
                                       <div class="pricing">
                                           
	<p class="pricePerUnit">
    Â£1.50<abbr title="per">/</abbr><abbr title="unit"><span class="pricePerUnitUnit">unit</span></abbr>
</p>
 
    <p class="pricePerMeasure">Â£3.00<abbr title="per">/</abbr><abbr title="kilogram"><span class="pricePerMeasureMeasure">kg</span></abbr>
    </p>

                                       </div>                                      

                                     
                                        <div class="addToTrolleyForm "> 
                                           <!-- BEGIN AddToTrolley.jsp -->

		<form class="addToTrolleyForm" name="OrderItemAddForm_106793" action="OrderItemAdd" method="post" id="OrderItemAddForm_106793">
		    <input type="hidden" name="storeId" value="10151"><input type="hidden" name="langId" value="44"><input type="hidden" name="catalogId" value="10241"><input type="hidden" name="errorViewName" value="CategoryDisplayView"><input type="hidden" name="SKU_ID" value="7586792"><input type="hidden" name="itemType" value=""><label class="access" for="quantity_106792">Quantity</label>
		        
					<input name="quantity" id="quantity_106792" type="text" size="3" value="1" class="quantity"><input type="hidden" name="catEntryId" value="106793"><input type="hidden" name="productId" value="106792"><input type="hidden" name="URL" value="http://www.sainsburys.co.uk/webapp/wcs/stores/servlet/CategoryDisplay?msg=&amp;langId=44&amp;storeId=10151&amp;krypto=7Qkmmd4JZcE3l7%2BJLf8Krv%2FBP1QKJsNRC4onLI%2BaY0%2FuTP%2FeedcHKh2BT%2FXdSuI%2B76EQWaLUa%2FnQGG3pCW8hJkTK9NjU8Svv4h%2FeTlYgy%2FhE1H2rTb%2F6k0kc2GayYrUKZdeC3S1gXjM8%2BGf0s4SwXwhrLhoBZBoN80wYPCzuvbo%3D&amp;ddkey=http%3Agb%2Fgroceries%2Fchilled-%2Ffresh-pasta-and-sauce-fresh-pasta"><input type="hidden" name="page" value=""><input type="hidden" name="contractId" value=""><input type="hidden" name="calculateOrder" value="1"><input type="hidden" name="calculationUsage" value="-1,-2,-3"><input type="hidden" name="updateable" value="1"><input type="hidden" name="merge" value="***"><input type="hidden" name="callAjax" value="false"><input class="button process" type="submit" name="Add" value="Add">
</form>
	<!-- END AddToTrolley.jsp -->
        <div class="numberInTrolley hidden numberInTrolley_106792" id="numberInTrolley_106792">
            
        </div>
    
                                        </div>

                                        <!-- BEGIN CatalogEntryRatingsReviewsInfo.jspf --><!-- productAllowedRatingsAndReviews: true -->
    <div class="reviews">
        
	        <a class="numberOfReviews repressive" href="http://reviews.sainsburys.co.uk//8076-en_gb/7586792-P/writereview.htm?submissionurl=http%3A%2F%2Fwww.sainsburys.co.uk%2Fwebapp%2Fwcs%2Fstores%2Fservlet%2FBVReviewSubmitDisplay%3FcatalogId%3D10254%26storeId%3D10151%26recipe%3D%26langId%3D44%26productId%3D7586792-P&amp;return=http%3A%2F%2Fwww.sainsburys.co.uk%2Fwebapp%2Fwcs%2Fstores%2Fservlet%2FCategoryDisplay%3FbeginIndex%3D0%26pageSize%3D90">
	    Write a review
          	</a>
        
    </div>
<!-- END CatalogEntryRatingsReviewsInfo.jspf -->
                                   </div>
                               <!-- Start AddToSubscriptionList.jspf --><!-- Start AddToSubscriptionList.jsp --><!-- End AddToSubscriptionList.jsp --><!-- End AddToSubscriptionList.jspf -->     
                    </div>
                            
                    
    
    <div class="badges">
        <ul>
<li class="lastchild">

                        
                            <a href="/shop/gb/groceries/get-ideas/delivery-and-guides/freshness">
                        
                        
                        <img src="/wcsstore7.20.1.145/SainsburysStorefrontAssetStore/wcassets/icons/typical_life/typical_life_7days.jpg" alt="Typical life 7 days"></a>    
                        
                    </li>
                
        </ul>
</div>

                </div>     
            </div>
            <!--ThumbnailRestriction --><!-- END CatalogEntryThumbnailDisplay.jsp -->
	                            </div>
</li>
	                         

	                            <li class="gridItem" style="min-height: 477px;">
	                                <!-- BEGIN CatalogEntryThumbnailDisplay.jsp --><!-- BEGIN MerchandisingAssociationsDisplay.jsp --><!-- Start - JSP File Name:  MerchandisingAssociationsDisplay.jsp --><!-- END MerchandisingAssociationsDisplay.jsp -->
            <div class="product ">
                
                <div class="productInfo">
                    <div class="productNameAndPromotions">
                        
                                  <h3>
                                    <a href="http://www.sainsburys.co.uk/shop/gb/groceries/fresh-pasta-and-sauce-fresh-pasta/sainsburys-multi-grain-tagliatelle--be-good-to-yourself-500g">
                                        Sainsbury's Fresh Egg Multigrain Tagliatelle 500g
                                        <img src="http://c2.sainsburys.co.uk/wcsstore7.20.1.145/ExtendedSitesCatalogAssetStore/images/catalog/productImages/81/0000001266481/0000001266481_L.jpeg" alt=""></a>
                                </h3>
                              
                    </div> 
                </div>
                
                <div class="errorBanner hidden" id="error88969"></div>
                <div class="addToTrolleytabBox">   
                    <!--addToTrolleytabBox GRID VIEW --><!-- Start UserSubscribedOrNot.jspf --><!-- Start UserSubscribedOrNot.jsp --><!-- 
			If the user is not logged in, render this opening 
			DIV adding an addtional class to fix the border top which is removed 
			and replaced by the tabs
		-->
		<div class="addToTrolleytabContainer addItemBorderTop">
	<!-- End AddToSubscriptionList.jsp --><!-- End AddSubscriptionList.jspf --><!-- 
                    ATTENTION!!!
                    <div class="addToTrolleytabContainer">
                    This opening div is inside "../../ReusableObjects/UserSubscribedOrNot.jsp"
                    -->
                    <div class="pricingAndTrolleyOptions">
                    	
                                    <div class="priceTab priceTabContainer activeContainer addItem" id="addItem_88969">
                                       <div class="pricing">
                                           
	<p class="pricePerUnit">
    Â£1.50<abbr title="per">/</abbr><abbr title="unit"><span class="pricePerUnitUnit">unit</span></abbr>
</p>
 
    <p class="pricePerMeasure">Â£3.00<abbr title="per">/</abbr><abbr title="kilogram"><span class="pricePerMeasureMeasure">kg</span></abbr>
    </p>

                                       </div>                                      

                                     
                                        <div class="addToTrolleyForm "> 
                                           <!-- BEGIN AddToTrolley.jsp -->

		<form class="addToTrolleyForm" name="OrderItemAddForm_88969" action="OrderItemAdd" method="post" id="OrderItemAddForm_88969">
		    <input type="hidden" name="storeId" value="10151"><input type="hidden" name="langId" value="44"><input type="hidden" name="catalogId" value="10241"><input type="hidden" name="errorViewName" value="CategoryDisplayView"><input type="hidden" name="SKU_ID" value="6364954"><input type="hidden" name="itemType" value=""><label class="access" for="quantity_88968">Quantity</label>
		        
					<input name="quantity" id="quantity_88968" type="text" size="3" value="1" class="quantity"><input type="hidden" name="catEntryId" value="88969"><input type="hidden" name="productId" value="88968"><input type="hidden" name="URL" value="http://www.sainsburys.co.uk/webapp/wcs/stores/servlet/CategoryDisplay?msg=&amp;langId=44&amp;storeId=10151&amp;krypto=7Qkmmd4JZcE3l7%2BJLf8Krv%2FBP1QKJsNRC4onLI%2BaY0%2FuTP%2FeedcHKh2BT%2FXdSuI%2B76EQWaLUa%2FnQGG3pCW8hJkTK9NjU8Svv4h%2FeTlYgy%2FhE1H2rTb%2F6k0kc2GayYrUKZdeC3S1gXjM8%2BGf0s4SwXwhrLhoBZBoN80wYPCzuvbo%3D&amp;ddkey=http%3Agb%2Fgroceries%2Fchilled-%2Ffresh-pasta-and-sauce-fresh-pasta"><input type="hidden" name="page" value=""><input type="hidden" name="contractId" value=""><input type="hidden" name="calculateOrder" value="1"><input type="hidden" name="calculationUsage" value="-1,-2,-3"><input type="hidden" name="updateable" value="1"><input type="hidden" name="merge" value="***"><input type="hidden" name="callAjax" value="false"><input class="button process" type="submit" name="Add" value="Add">
</form>
	<!-- END AddToTrolley.jsp -->
        <div class="numberInTrolley hidden numberInTrolley_88968" id="numberInTrolley_88968">
            
        </div>
    
                                        </div>

                                        <!-- BEGIN CatalogEntryRatingsReviewsInfo.jspf --><!-- productAllowedRatingsAndReviews: true -->
    <div class="reviews">
        
            <a class="numberOfReviews" href="http://www.sainsburys.co.uk/shop/gb/groceries/fresh-pasta-and-sauce-fresh-pasta/sainsburys-multi-grain-tagliatelle--be-good-to-yourself-500g#reviews">
                <img src="http://c2.sainsburys.co.uk/wcsstore7.20.1.145/SainsburysStorefrontAssetStore/img/stars/rating-5_0.gif" alt="5.0" border="0">Â  
                Reviews (2)
            </a>
        
    </div>
<!-- END CatalogEntryRatingsReviewsInfo.jspf -->
                                   </div>
                               <!-- Start AddToSubscriptionList.jspf --><!-- Start AddToSubscriptionList.jsp --><!-- End AddToSubscriptionList.jsp --><!-- End AddToSubscriptionList.jspf -->     
                    </div>
                            
                    
    
    <div class="badges">
        <ul>
<li class="lastchild">

                        
                            <a href="/shop/gb/groceries/get-ideas/delivery-and-guides/freshness">
                        
                        
                        <img src="/wcsstore7.20.1.145/SainsburysStorefrontAssetStore/wcassets/icons/typical_life/typical_life_7days.jpg" alt="Typical life 7 days"></a>    
                        
                    </li>
                
        </ul>
</div>

                </div>     
            </div>
            <!--ThumbnailRestriction --><!-- END CatalogEntryThumbnailDisplay.jsp -->
	                            </div>
</li>
	                         

	                            <li class="gridItem" style="min-height: 477px;">
	                                <!-- BEGIN CatalogEntryThumbnailDisplay.jsp --><!-- BEGIN MerchandisingAssociationsDisplay.jsp --><!-- Start - JSP File Name:  MerchandisingAssociationsDisplay.jsp --><!-- END MerchandisingAssociationsDisplay.jsp -->
            <div class="product ">
                
                <div class="productInfo">
                    <div class="productNameAndPromotions">
                        
                                  <h3>
                                    <a href="http://www.sainsburys.co.uk/shop/gb/groceries/fresh-pasta-and-sauce-fresh-pasta/sainsburys-fresh-pappardelle-500g">
                                        Sainsbury's Fresh Egg Pappardelle 500g
                                        <img src="http://c2.sainsburys.co.uk/wcsstore7.20.1.145/ExtendedSitesCatalogAssetStore/images/catalog/productImages/55/0000001451955/0000001451955_L.jpeg" alt=""></a>
                                </h3>
                              
                    </div> 
                </div>
                
                <div class="errorBanner hidden" id="error90213"></div>
                <div class="addToTrolleytabBox">   
                    <!--addToTrolleytabBox GRID VIEW --><!-- Start UserSubscribedOrNot.jspf --><!-- Start UserSubscribedOrNot.jsp --><!-- 
			If the user is not logged in, render this opening 
			DIV adding an addtional class to fix the border top which is removed 
			and replaced by the tabs
		-->
		<div class="addToTrolleytabContainer addItemBorderTop">
	<!-- End AddToSubscriptionList.jsp --><!-- End AddSubscriptionList.jspf --><!-- 
                    ATTENTION!!!
                    <div class="addToTrolleytabContainer">
                    This opening div is inside "../../ReusableObjects/UserSubscribedOrNot.jsp"
                    -->
                    <div class="pricingAndTrolleyOptions">
                    	
                                    <div class="priceTab priceTabContainer activeContainer addItem" id="addItem_90213">
                                       <div class="pricing">
                                           
	<p class="pricePerUnit">
    Â£1.50<abbr title="per">/</abbr><abbr title="unit"><span class="pricePerUnitUnit">unit</span></abbr>
</p>
 
    <p class="pricePerMeasure">Â£3.00<abbr title="per">/</abbr><abbr title="kilogram"><span class="pricePerMeasureMeasure">kg</span></abbr>
    </p>

                                       </div>                                      

                                     
                                        <div class="addToTrolleyForm "> 
                                           <!-- BEGIN AddToTrolley.jsp -->

		<form class="addToTrolleyForm" name="OrderItemAddForm_90213" action="OrderItemAdd" method="post" id="OrderItemAddForm_90213">
		    <input type="hidden" name="storeId" value="10151"><input type="hidden" name="langId" value="44"><input type="hidden" name="catalogId" value="10241"><input type="hidden" name="errorViewName" value="CategoryDisplayView"><input type="hidden" name="SKU_ID" value="6464803"><input type="hidden" name="itemType" value=""><label class="access" for="quantity_90212">Quantity</label>
		        
					<input name="quantity" id="quantity_90212" type="text" size="3" value="1" class="quantity"><input type="hidden" name="catEntryId" value="90213"><input type="hidden" name="productId" value="90212"><input type="hidden" name="URL" value="http://www.sainsburys.co.uk/webapp/wcs/stores/servlet/CategoryDisplay?msg=&amp;langId=44&amp;storeId=10151&amp;krypto=7Qkmmd4JZcE3l7%2BJLf8Krv%2FBP1QKJsNRC4onLI%2BaY0%2FuTP%2FeedcHKh2BT%2FXdSuI%2B76EQWaLUa%2FnQGG3pCW8hJkTK9NjU8Svv4h%2FeTlYgy%2FhE1H2rTb%2F6k0kc2GayYrUKZdeC3S1gXjM8%2BGf0s4SwXwhrLhoBZBoN80wYPCzuvbo%3D&amp;ddkey=http%3Agb%2Fgroceries%2Fchilled-%2Ffresh-pasta-and-sauce-fresh-pasta"><input type="hidden" name="page" value=""><input type="hidden" name="contractId" value=""><input type="hidden" name="calculateOrder" value="1"><input type="hidden" name="calculationUsage" value="-1,-2,-3"><input type="hidden" name="updateable" value="1"><input type="hidden" name="merge" value="***"><input type="hidden" name="callAjax" value="false"><input class="button process" type="submit" name="Add" value="Add">
</form>
	<!-- END AddToTrolley.jsp -->
        <div class="numberInTrolley hidden numberInTrolley_90212" id="numberInTrolley_90212">
            
        </div>
    
                                        </div>

                                        <!-- BEGIN CatalogEntryRatingsReviewsInfo.jspf --><!-- productAllowedRatingsAndReviews: true -->
    <div class="reviews">
        
	        <a class="numberOfReviews repressive" href="http://reviews.sainsburys.co.uk//8076-en_gb/6464803-P/writereview.htm?submissionurl=http%3A%2F%2Fwww.sainsburys.co.uk%2Fwebapp%2Fwcs%2Fstores%2Fservlet%2FBVReviewSubmitDisplay%3FcatalogId%3D10177%26storeId%3D10151%26recipe%3D%26langId%3D44%26productId%3D6464803-P&amp;return=http%3A%2F%2Fwww.sainsburys.co.uk%2Fwebapp%2Fwcs%2Fstores%2Fservlet%2FFavouritesBySingleListDisplay%3FpageSize%3D30%26searchTerm%3D%26catalogId%3D10177%26orderBy%3DFAVOURITES_RANK%26top_category%3D%26parent_category_rn%3D%26listId%3D%26categoryId%3D%26langId%3D44%26beginIndex%3D150%26storeId%3D10151%26promotionId%3D">
	    Write a review
          	</a>
        
    </div>
<!-- END CatalogEntryRatingsReviewsInfo.jspf -->
                                   </div>
                               <!-- Start AddToSubscriptionList.jspf --><!-- Start AddToSubscriptionList.jsp --><!-- End AddToSubscriptionList.jsp --><!-- End AddToSubscriptionList.jspf -->     
                    </div>
                            
                    
                </div>     
            </div>
            <!--ThumbnailRestriction --><!-- END CatalogEntryThumbnailDisplay.jsp -->
	                            </div>
</li>
	                         

	                            <li class="gridItem" style="min-height: 477px;">
	                                <!-- BEGIN CatalogEntryThumbnailDisplay.jsp --><!-- BEGIN MerchandisingAssociationsDisplay.jsp --><!-- Start - JSP File Name:  MerchandisingAssociationsDisplay.jsp --><!-- END MerchandisingAssociationsDisplay.jsp -->
            <div class="product ">
                
                <div class="productInfo">
                    <div class="productNameAndPromotions">
                        
                                  <h3>
                                    <a href="http://www.sainsburys.co.uk/shop/gb/groceries/fresh-pasta-and-sauce-fresh-pasta/sainsburys-fresh-penne-pasta-500g">
                                        Sainsbury's Fresh Egg Penne 500g
                                        <img src="http://c2.sainsburys.co.uk/wcsstore7.20.1.145/ExtendedSitesCatalogAssetStore/images/catalog/productImages/94/0000000636094/0000000636094_L.jpeg" alt=""></a>
                                </h3>
                              
                    </div> 
                </div>
                
                <div class="errorBanner hidden" id="error88927"></div>
                <div class="addToTrolleytabBox">   
                    <!--addToTrolleytabBox GRID VIEW --><!-- Start UserSubscribedOrNot.jspf --><!-- Start UserSubscribedOrNot.jsp --><!-- 
			If the user is not logged in, render this opening 
			DIV adding an addtional class to fix the border top which is removed 
			and replaced by the tabs
		-->
		<div class="addToTrolleytabContainer addItemBorderTop">
	<!-- End AddToSubscriptionList.jsp --><!-- End AddSubscriptionList.jspf --><!-- 
                    ATTENTION!!!
                    <div class="addToTrolleytabContainer">
                    This opening div is inside "../../ReusableObjects/UserSubscribedOrNot.jsp"
                    -->
                    <div class="pricingAndTrolleyOptions">
                    	
                                    <div class="priceTab priceTabContainer activeContainer addItem" id="addItem_88927">
                                       <div class="pricing">
                                           
	<p class="pricePerUnit">
    Â£1.50<abbr title="per">/</abbr><abbr title="unit"><span class="pricePerUnitUnit">unit</span></abbr>
</p>
 
    <p class="pricePerMeasure">Â£3.00<abbr title="per">/</abbr><abbr title="kilogram"><span class="pricePerMeasureMeasure">kg</span></abbr>
    </p>

                                       </div>                                      

                                     
                                        <div class="addToTrolleyForm "> 
                                           <!-- BEGIN AddToTrolley.jsp -->

		<form class="addToTrolleyForm" name="OrderItemAddForm_88927" action="OrderItemAdd" method="post" id="OrderItemAddForm_88927">
		    <input type="hidden" name="storeId" value="10151"><input type="hidden" name="langId" value="44"><input type="hidden" name="catalogId" value="10241"><input type="hidden" name="errorViewName" value="CategoryDisplayView"><input type="hidden" name="SKU_ID" value="636094"><input type="hidden" name="itemType" value=""><label class="access" for="quantity_88926">Quantity</label>
		        
					<input name="quantity" id="quantity_88926" type="text" size="3" value="1" class="quantity"><input type="hidden" name="catEntryId" value="88927"><input type="hidden" name="productId" value="88926"><input type="hidden" name="URL" value="http://www.sainsburys.co.uk/webapp/wcs/stores/servlet/CategoryDisplay?msg=&amp;langId=44&amp;storeId=10151&amp;krypto=7Qkmmd4JZcE3l7%2BJLf8Krv%2FBP1QKJsNRC4onLI%2BaY0%2FuTP%2FeedcHKh2BT%2FXdSuI%2B76EQWaLUa%2FnQGG3pCW8hJkTK9NjU8Svv4h%2FeTlYgy%2FhE1H2rTb%2F6k0kc2GayYrUKZdeC3S1gXjM8%2BGf0s4SwXwhrLhoBZBoN80wYPCzuvbo%3D&amp;ddkey=http%3Agb%2Fgroceries%2Fchilled-%2Ffresh-pasta-and-sauce-fresh-pasta"><input type="hidden" name="page" value=""><input type="hidden" name="contractId" value=""><input type="hidden" name="calculateOrder" value="1"><input type="hidden" name="calculationUsage" value="-1,-2,-3"><input type="hidden" name="updateable" value="1"><input type="hidden" name="merge" value="***"><input type="hidden" name="callAjax" value="false"><input class="button process" type="submit" name="Add" value="Add">
</form>
	<!-- END AddToTrolley.jsp -->
        <div class="numberInTrolley hidden numberInTrolley_88926" id="numberInTrolley_88926">
            
        </div>
    
                                        </div>

                                        <!-- BEGIN CatalogEntryRatingsReviewsInfo.jspf --><!-- productAllowedRatingsAndReviews: true -->
    <div class="reviews">
        
            <a class="numberOfReviews" href="http://www.sainsburys.co.uk/shop/gb/groceries/fresh-pasta-and-sauce-fresh-pasta/sainsburys-fresh-penne-pasta-500g#reviews">
                <img src="http://c2.sainsburys.co.uk/wcsstore7.20.1.145/SainsburysStorefrontAssetStore/img/stars/rating-5_0.gif" alt="5.0" border="0">Â  
                Reviews (2)
            </a>
        
    </div>
<!-- END CatalogEntryRatingsReviewsInfo.jspf -->
                                   </div>
                               <!-- Start AddToSubscriptionList.jspf --><!-- Start AddToSubscriptionList.jsp --><!-- End AddToSubscriptionList.jsp --><!-- End AddToSubscriptionList.jspf -->     
                    </div>
                            
                    
    
    <div class="badges">
        <ul>
<li class="lastchild">

                        
                            <a href="/shop/gb/groceries/get-ideas/delivery-and-guides/freshness">
                        
                        
                        <img src="/wcsstore7.20.1.145/SainsburysStorefrontAssetStore/wcassets/icons/typical_life/typical_life_7days.jpg" alt="Typical life 7 days"></a>    
                        
                    </li>
                
        </ul>
</div>

                </div>     
            </div>
            <!--ThumbnailRestriction --><!-- END CatalogEntryThumbnailDisplay.jsp -->
	                            </div>
</li>
	                         

	                            <li class="gridItem" style="min-height: 477px;">
	                                <!-- BEGIN CatalogEntryThumbnailDisplay.jsp --><!-- BEGIN MerchandisingAssociationsDisplay.jsp --><!-- Start - JSP File Name:  MerchandisingAssociationsDisplay.jsp --><!-- END MerchandisingAssociationsDisplay.jsp -->
            <div class="product ">
                
                <div class="productInfo">
                    <div class="productNameAndPromotions">
                        
                                  <h3>
                                    <a href="http://www.sainsburys.co.uk/shop/gb/groceries/fresh-pasta-and-sauce-fresh-pasta/sainsburys-fresh-spaghetti-500g">
                                        Sainsbury's Fresh Egg Spaghetti 500g
                                        <img src="http://c2.sainsburys.co.uk/wcsstore7.20.1.145/ExtendedSitesCatalogAssetStore/images/catalog/productImages/55/0000000636155/0000000636155_L.jpeg" alt=""></a>
                                </h3>
                              
                    </div> 
                </div>
                
                <div class="errorBanner hidden" id="error88931"></div>
                <div class="addToTrolleytabBox">   
                    <!--addToTrolleytabBox GRID VIEW --><!-- Start UserSubscribedOrNot.jspf --><!-- Start UserSubscribedOrNot.jsp --><!-- 
			If the user is not logged in, render this opening 
			DIV adding an addtional class to fix the border top which is removed 
			and replaced by the tabs
		-->
		<div class="addToTrolleytabContainer addItemBorderTop">
	<!-- End AddToSubscriptionList.jsp --><!-- End AddSubscriptionList.jspf --><!-- 
                    ATTENTION!!!
                    <div class="addToTrolleytabContainer">
                    This opening div is inside "../../ReusableObjects/UserSubscribedOrNot.jsp"
                    -->
                    <div class="pricingAndTrolleyOptions">
                    	
                                    <div class="priceTab priceTabContainer activeContainer addItem" id="addItem_88931">
                                       <div class="pricing">
                                           
	<p class="pricePerUnit">
    Â£1.50<abbr title="per">/</abbr><abbr title="unit"><span class="pricePerUnitUnit">unit</span></abbr>
</p>
 
    <p class="pricePerMeasure">Â£3.00<abbr title="per">/</abbr><abbr title="kilogram"><span class="pricePerMeasureMeasure">kg</span></abbr>
    </p>

                                       </div>                                      

                                     
                                        <div class="addToTrolleyForm "> 
                                           <!-- BEGIN AddToTrolley.jsp -->

		<form class="addToTrolleyForm" name="OrderItemAddForm_88931" action="OrderItemAdd" method="post" id="OrderItemAddForm_88931">
		    <input type="hidden" name="storeId" value="10151"><input type="hidden" name="langId" value="44"><input type="hidden" name="catalogId" value="10241"><input type="hidden" name="errorViewName" value="CategoryDisplayView"><input type="hidden" name="SKU_ID" value="636155"><input type="hidden" name="itemType" value=""><label class="access" for="quantity_88930">Quantity</label>
		        
					<input name="quantity" id="quantity_88930" type="text" size="3" value="1" class="quantity"><input type="hidden" name="catEntryId" value="88931"><input type="hidden" name="productId" value="88930"><input type="hidden" name="URL" value="http://www.sainsburys.co.uk/webapp/wcs/stores/servlet/CategoryDisplay?msg=&amp;langId=44&amp;storeId=10151&amp;krypto=7Qkmmd4JZcE3l7%2BJLf8Krv%2FBP1QKJsNRC4onLI%2BaY0%2FuTP%2FeedcHKh2BT%2FXdSuI%2B76EQWaLUa%2FnQGG3pCW8hJkTK9NjU8Svv4h%2FeTlYgy%2FhE1H2rTb%2F6k0kc2GayYrUKZdeC3S1gXjM8%2BGf0s4SwXwhrLhoBZBoN80wYPCzuvbo%3D&amp;ddkey=http%3Agb%2Fgroceries%2Fchilled-%2Ffresh-pasta-and-sauce-fresh-pasta"><input type="hidden" name="page" value=""><input type="hidden" name="contractId" value=""><input type="hidden" name="calculateOrder" value="1"><input type="hidden" name="calculationUsage" value="-1,-2,-3"><input type="hidden" name="updateable" value="1"><input type="hidden" name="merge" value="***"><input type="hidden" name="callAjax" value="false"><input class="button process" type="submit" name="Add" value="Add">
</form>
	<!-- END AddToTrolley.jsp -->
        <div class="numberInTrolley hidden numberInTrolley_88930" id="numberInTrolley_88930">
            
        </div>
    
                                        </div>

                                        <!-- BEGIN CatalogEntryRatingsReviewsInfo.jspf --><!-- productAllowedRatingsAndReviews: true -->
    <div class="reviews">
        
            <a class="numberOfReviews" href="http://www.sainsburys.co.uk/shop/gb/groceries/fresh-pasta-and-sauce-fresh-pasta/sainsburys-fresh-spaghetti-500g#reviews">
                <img src="http://c2.sainsburys.co.uk/wcsstore7.20.1.145/SainsburysStorefrontAssetStore/img/stars/rating-5_0.gif" alt="5.0" border="0">Â  
                Reviews (4)
            </a>
        
    </div>
<!-- END CatalogEntryRatingsReviewsInfo.jspf -->
                                   </div>
                               <!-- Start AddToSubscriptionList.jspf --><!-- Start AddToSubscriptionList.jsp --><!-- End AddToSubscriptionList.jsp --><!-- End AddToSubscriptionList.jspf -->     
                    </div>
                            
                    
    
    <div class="badges">
        <ul>
<li class="lastchild">

                        
                            <a href="/shop/gb/groceries/get-ideas/delivery-and-guides/freshness">
                        
                        
                        <img src="/wcsstore7.20.1.145/SainsburysStorefrontAssetStore/wcassets/icons/typical_life/typical_life_7days.jpg" alt="Typical life 7 days"></a>    
                        
                    </li>
                
        </ul>
</div>

                </div>     
            </div>
            <!--ThumbnailRestriction --><!-- END CatalogEntryThumbnailDisplay.jsp -->
	                            </div>
</li>
	                         

	                            <li class="gridItem" style="min-height: 477px;">
	                                <!-- BEGIN CatalogEntryThumbnailDisplay.jsp --><!-- BEGIN MerchandisingAssociationsDisplay.jsp --><!-- Start - JSP File Name:  MerchandisingAssociationsDisplay.jsp --><!-- END MerchandisingAssociationsDisplay.jsp -->
            <div class="product ">
                
                <div class="productInfo">
                    <div class="productNameAndPromotions">
                        
                                  <h3>
                                    <a href="http://www.sainsburys.co.uk/shop/gb/groceries/fresh-pasta-and-sauce-fresh-pasta/sainsburys-fresh-tagliatelle-500g">
                                        Sainsbury's Fresh Egg Tagliatelle 500g
                                        <img src="http://c2.sainsburys.co.uk/wcsstore7.20.1.145/ExtendedSitesCatalogAssetStore/images/catalog/productImages/56/0000000636056/0000000636056_L.jpeg" alt=""></a>
                                </h3>
                              
                    </div> 
                </div>
                
                <div class="errorBanner hidden" id="error88917"></div>
                <div class="addToTrolleytabBox">   
                    <!--addToTrolleytabBox GRID VIEW --><!-- Start UserSubscribedOrNot.jspf --><!-- Start UserSubscribedOrNot.jsp --><!-- 
			If the user is not logged in, render this opening 
			DIV adding an addtional class to fix the border top which is removed 
			and replaced by the tabs
		-->
		<div class="addToTrolleytabContainer addItemBorderTop">
	<!-- End AddToSubscriptionList.jsp --><!-- End AddSubscriptionList.jspf --><!-- 
                    ATTENTION!!!
                    <div class="addToTrolleytabContainer">
                    This opening div is inside "../../ReusableObjects/UserSubscribedOrNot.jsp"
                    -->
                    <div class="pricingAndTrolleyOptions">
                    	
                                    <div class="priceTab priceTabContainer activeContainer addItem" id="addItem_88917">
                                       <div class="pricing">
                                           
	<p class="pricePerUnit">
    Â£1.50<abbr title="per">/</abbr><abbr title="unit"><span class="pricePerUnitUnit">unit</span></abbr>
</p>
 
    <p class="pricePerMeasure">Â£3.00<abbr title="per">/</abbr><abbr title="kilogram"><span class="pricePerMeasureMeasure">kg</span></abbr>
    </p>

                                       </div>                                      

                                     
                                        <div class="addToTrolleyForm "> 
                                           <!-- BEGIN AddToTrolley.jsp -->

		<form class="addToTrolleyForm" name="OrderItemAddForm_88917" action="OrderItemAdd" method="post" id="OrderItemAddForm_88917">
		    <input type="hidden" name="storeId" value="10151"><input type="hidden" name="langId" value="44"><input type="hidden" name="catalogId" value="10241"><input type="hidden" name="errorViewName" value="CategoryDisplayView"><input type="hidden" name="SKU_ID" value="636056"><input type="hidden" name="itemType" value=""><label class="access" for="quantity_88916">Quantity</label>
		        
					<input name="quantity" id="quantity_88916" type="text" size="3" value="1" class="quantity"><input type="hidden" name="catEntryId" value="88917"><input type="hidden" name="productId" value="88916"><input type="hidden" name="URL" value="http://www.sainsburys.co.uk/webapp/wcs/stores/servlet/CategoryDisplay?msg=&amp;langId=44&amp;storeId=10151&amp;krypto=7Qkmmd4JZcE3l7%2BJLf8Krv%2FBP1QKJsNRC4onLI%2BaY0%2FuTP%2FeedcHKh2BT%2FXdSuI%2B76EQWaLUa%2FnQGG3pCW8hJkTK9NjU8Svv4h%2FeTlYgy%2FhE1H2rTb%2F6k0kc2GayYrUKZdeC3S1gXjM8%2BGf0s4SwXwhrLhoBZBoN80wYPCzuvbo%3D&amp;ddkey=http%3Agb%2Fgroceries%2Fchilled-%2Ffresh-pasta-and-sauce-fresh-pasta"><input type="hidden" name="page" value=""><input type="hidden" name="contractId" value=""><input type="hidden" name="calculateOrder" value="1"><input type="hidden" name="calculationUsage" value="-1,-2,-3"><input type="hidden" name="updateable" value="1"><input type="hidden" name="merge" value="***"><input type="hidden" name="callAjax" value="false"><input class="button process" type="submit" name="Add" value="Add">
</form>
	<!-- END AddToTrolley.jsp -->
        <div class="numberInTrolley hidden numberInTrolley_88916" id="numberInTrolley_88916">
            
        </div>
    
                                        </div>

                                        <!-- BEGIN CatalogEntryRatingsReviewsInfo.jspf --><!-- productAllowedRatingsAndReviews: true -->
    <div class="reviews">
        
            <a class="numberOfReviews" href="http://www.sainsburys.co.uk/shop/gb/groceries/fresh-pasta-and-sauce-fresh-pasta/sainsburys-fresh-tagliatelle-500g#reviews">
                <img src="http://c2.sainsburys.co.uk/wcsstore7.20.1.145/SainsburysStorefrontAssetStore/img/stars/rating-5_0.gif" alt="5.0" border="0">Â  
                Reviews (1)
            </a>
        
    </div>
<!-- END CatalogEntryRatingsReviewsInfo.jspf -->
                                   </div>
                               <!-- Start AddToSubscriptionList.jspf --><!-- Start AddToSubscriptionList.jsp --><!-- End AddToSubscriptionList.jsp --><!-- End AddToSubscriptionList.jspf -->     
                    </div>
                            
                    
                </div>     
            </div>
            <!--ThumbnailRestriction --><!-- END CatalogEntryThumbnailDisplay.jsp -->
	                            </div>
</li>
	                         

	                            <li class="gridItem" style="min-height: 477px;">
	                                <!-- BEGIN CatalogEntryThumbnailDisplay.jsp --><!-- BEGIN MerchandisingAssociationsDisplay.jsp --><!-- Start - JSP File Name:  MerchandisingAssociationsDisplay.jsp --><!-- END MerchandisingAssociationsDisplay.jsp -->
            <div class="product ">
                
                <div class="productInfo">
                    <div class="productNameAndPromotions">
                        
                                  <h3>
                                    <a href="http://www.sainsburys.co.uk/shop/gb/groceries/fresh-pasta-and-sauce-fresh-pasta/sainsburys-fresh-gnocchi-500g">
                                        Sainsbury's Fresh Gnocchi 500g
                                        <img src="http://c2.sainsburys.co.uk/wcsstore7.20.1.145/ExtendedSitesCatalogAssetStore/images/catalog/productImages/86/0000000636186/0000000636186_L.jpeg" alt=""></a>
                                </h3>
                              
                    </div> 
                </div>
                
                <div class="errorBanner hidden" id="error88935"></div>
                <div class="addToTrolleytabBox">   
                    <!--addToTrolleytabBox GRID VIEW --><!-- Start UserSubscribedOrNot.jspf --><!-- Start UserSubscribedOrNot.jsp --><!-- 
			If the user is not logged in, render this opening 
			DIV adding an addtional class to fix the border top which is removed 
			and replaced by the tabs
		-->
		<div class="addToTrolleytabContainer addItemBorderTop">
	<!-- End AddToSubscriptionList.jsp --><!-- End AddSubscriptionList.jspf --><!-- 
                    ATTENTION!!!
                    <div class="addToTrolleytabContainer">
                    This opening div is inside "../../ReusableObjects/UserSubscribedOrNot.jsp"
                    -->
                    <div class="pricingAndTrolleyOptions">
                    	
                                    <div class="priceTab priceTabContainer activeContainer addItem" id="addItem_88935">
                                       <div class="pricing">
                                           
	<p class="pricePerUnit">
    Â£1.50<abbr title="per">/</abbr><abbr title="unit"><span class="pricePerUnitUnit">unit</span></abbr>
</p>
 
    <p class="pricePerMeasure">Â£3.00<abbr title="per">/</abbr><abbr title="kilogram"><span class="pricePerMeasureMeasure">kg</span></abbr>
    </p>

                                       </div>                                      

                                     
                                        <div class="addToTrolleyForm "> 
                                           <!-- BEGIN AddToTrolley.jsp -->

		<form class="addToTrolleyForm" name="OrderItemAddForm_88935" action="OrderItemAdd" method="post" id="OrderItemAddForm_88935">
		    <input type="hidden" name="storeId" value="10151"><input type="hidden" name="langId" value="44"><input type="hidden" name="catalogId" value="10241"><input type="hidden" name="errorViewName" value="CategoryDisplayView"><input type="hidden" name="SKU_ID" value="636186"><input type="hidden" name="itemType" value=""><label class="access" for="quantity_88934">Quantity</label>
		        
					<input name="quantity" id="quantity_88934" type="text" size="3" value="1" class="quantity"><input type="hidden" name="catEntryId" value="88935"><input type="hidden" name="productId" value="88934"><input type="hidden" name="URL" value="http://www.sainsburys.co.uk/webapp/wcs/stores/servlet/CategoryDisplay?msg=&amp;langId=44&amp;storeId=10151&amp;krypto=7Qkmmd4JZcE3l7%2BJLf8Krv%2FBP1QKJsNRC4onLI%2BaY0%2FuTP%2FeedcHKh2BT%2FXdSuI%2B76EQWaLUa%2FnQGG3pCW8hJkTK9NjU8Svv4h%2FeTlYgy%2FhE1H2rTb%2F6k0kc2GayYrUKZdeC3S1gXjM8%2BGf0s4SwXwhrLhoBZBoN80wYPCzuvbo%3D&amp;ddkey=http%3Agb%2Fgroceries%2Fchilled-%2Ffresh-pasta-and-sauce-fresh-pasta"><input type="hidden" name="page" value=""><input type="hidden" name="contractId" value=""><input type="hidden" name="calculateOrder" value="1"><input type="hidden" name="calculationUsage" value="-1,-2,-3"><input type="hidden" name="updateable" value="1"><input type="hidden" name="merge" value="***"><input type="hidden" name="callAjax" value="false"><input class="button process" type="submit" name="Add" value="Add">
</form>
	<!-- END AddToTrolley.jsp -->
        <div class="numberInTrolley hidden numberInTrolley_88934" id="numberInTrolley_88934">
            
        </div>
    
                                        </div>

                                        <!-- BEGIN CatalogEntryRatingsReviewsInfo.jspf --><!-- productAllowedRatingsAndReviews: true -->
    <div class="reviews">
        
            <a class="numberOfReviews" href="http://www.sainsburys.co.uk/shop/gb/groceries/fresh-pasta-and-sauce-fresh-pasta/sainsburys-fresh-gnocchi-500g#reviews">
                <img src="http://c2.sainsburys.co.uk/wcsstore7.20.1.145/SainsburysStorefrontAssetStore/img/stars/rating-4_2.gif" alt="4.1667" border="0">Â  
                Reviews (6)
            </a>
        
    </div>
<!-- END CatalogEntryRatingsReviewsInfo.jspf -->
                                   </div>
                               <!-- Start AddToSubscriptionList.jspf --><!-- Start AddToSubscriptionList.jsp --><!-- End AddToSubscriptionList.jsp --><!-- End AddToSubscriptionList.jspf -->     
                    </div>
                            
                    
    
    <div class="badges">
        <ul>
<li class="lastchild">

                        
                            <a href="/shop/gb/groceries/get-ideas/delivery-and-guides/freshness">
                        
                        
                        <img src="/wcsstore7.20.1.145/SainsburysStorefrontAssetStore/wcassets/icons/typical_life/typical_life_7days.jpg" alt="Typical life 7 days"></a>    
                        
                    </li>
                
        </ul>
</div>

                </div>     
            </div>
            <!--ThumbnailRestriction --><!-- END CatalogEntryThumbnailDisplay.jsp -->
	                            </div>
</li>
	                         

	                            <li class="gridItem" style="min-height: 477px;">
	                                <!-- BEGIN CatalogEntryThumbnailDisplay.jsp --><!-- BEGIN MerchandisingAssociationsDisplay.jsp --><!-- Start - JSP File Name:  MerchandisingAssociationsDisplay.jsp --><!-- END MerchandisingAssociationsDisplay.jsp -->
            <div class="product ">
                
                <div class="productInfo">
                    <div class="productNameAndPromotions">
                        
                                  <h3>
                                    <a href="http://www.sainsburys.co.uk/shop/gb/groceries/fresh-pasta-and-sauce-fresh-pasta/sainsburys-ham---cheese-tortelloni-400g">
                                        Sainsbury's Ham &amp; Cheese Tortelloni 400g
                                        <img src="http://c2.sainsburys.co.uk/wcsstore7.20.1.145/ExtendedSitesCatalogAssetStore/images/catalog/productImages/90/0000000220590/0000000220590_L.jpeg" alt=""></a>
                                </h3>
                              
                    </div> 
                </div>
                
                <div class="errorBanner hidden" id="error961185"></div>
                <div class="addToTrolleytabBox">   
                    <!--addToTrolleytabBox GRID VIEW --><!-- Start UserSubscribedOrNot.jspf --><!-- Start UserSubscribedOrNot.jsp --><!-- 
			If the user is not logged in, render this opening 
			DIV adding an addtional class to fix the border top which is removed 
			and replaced by the tabs
		-->
		<div class="addToTrolleytabContainer addItemBorderTop">
	<!-- End AddToSubscriptionList.jsp --><!-- End AddSubscriptionList.jspf --><!-- 
                    ATTENTION!!!
                    <div class="addToTrolleytabContainer">
                    This opening div is inside "../../ReusableObjects/UserSubscribedOrNot.jsp"
                    -->
                    <div class="pricingAndTrolleyOptions">
                    	
                                    <div class="priceTab priceTabContainer activeContainer addItem" id="addItem_961185">
                                       <div class="pricing">
                                           
	<p class="pricePerUnit">
    Â£2.00<abbr title="per">/</abbr><abbr title="unit"><span class="pricePerUnitUnit">unit</span></abbr>
</p>
 
    <p class="pricePerMeasure">Â£5.00<abbr title="per">/</abbr><abbr title="kilogram"><span class="pricePerMeasureMeasure">kg</span></abbr>
    </p>

                                       </div>                                      

                                     
                                        <div class="addToTrolleyForm "> 
                                           <!-- BEGIN AddToTrolley.jsp -->

		<form class="addToTrolleyForm" name="OrderItemAddForm_961185" action="OrderItemAdd" method="post" id="OrderItemAddForm_961185">
		    <input type="hidden" name="storeId" value="10151"><input type="hidden" name="langId" value="44"><input type="hidden" name="catalogId" value="10241"><input type="hidden" name="errorViewName" value="CategoryDisplayView"><input type="hidden" name="SKU_ID" value="7774056"><input type="hidden" name="itemType" value=""><label class="access" for="quantity_961184">Quantity</label>
		        
					<input name="quantity" id="quantity_961184" type="text" size="3" value="1" class="quantity"><input type="hidden" name="catEntryId" value="961185"><input type="hidden" name="productId" value="961184"><input type="hidden" name="URL" value="http://www.sainsburys.co.uk/webapp/wcs/stores/servlet/CategoryDisplay?msg=&amp;langId=44&amp;storeId=10151&amp;krypto=7Qkmmd4JZcE3l7%2BJLf8Krv%2FBP1QKJsNRC4onLI%2BaY0%2FuTP%2FeedcHKh2BT%2FXdSuI%2B76EQWaLUa%2FnQGG3pCW8hJkTK9NjU8Svv4h%2FeTlYgy%2FhE1H2rTb%2F6k0kc2GayYrUKZdeC3S1gXjM8%2BGf0s4SwXwhrLhoBZBoN80wYPCzuvbo%3D&amp;ddkey=http%3Agb%2Fgroceries%2Fchilled-%2Ffresh-pasta-and-sauce-fresh-pasta"><input type="hidden" name="page" value=""><input type="hidden" name="contractId" value=""><input type="hidden" name="calculateOrder" value="1"><input type="hidden" name="calculationUsage" value="-1,-2,-3"><input type="hidden" name="updateable" value="1"><input type="hidden" name="merge" value="***"><input type="hidden" name="callAjax" value="false"><input class="button process" type="submit" name="Add" value="Add">
</form>
	<!-- END AddToTrolley.jsp -->
        <div class="numberInTrolley hidden numberInTrolley_961184" id="numberInTrolley_961184">
            
        </div>
    
                                        </div>

                                        <!-- BEGIN CatalogEntryRatingsReviewsInfo.jspf --><!-- productAllowedRatingsAndReviews: true -->
    <div class="reviews">
        
            <a class="numberOfReviews" href="http://www.sainsburys.co.uk/shop/gb/groceries/fresh-pasta-and-sauce-fresh-pasta/sainsburys-ham---cheese-tortelloni-400g#reviews">
                <img src="http://c2.sainsburys.co.uk/wcsstore7.20.1.145/SainsburysStorefrontAssetStore/img/stars/rating-5_0.gif" alt="5.0" border="0">Â  
                Reviews (1)
            </a>
        
    </div>
<!-- END CatalogEntryRatingsReviewsInfo.jspf -->
                                   </div>
                               <!-- Start AddToSubscriptionList.jspf --><!-- Start AddToSubscriptionList.jsp --><!-- End AddToSubscriptionList.jsp --><!-- End AddToSubscriptionList.jspf -->     
                    </div>
                            
                    
                </div>     
            </div>
            <!--ThumbnailRestriction --><!-- END CatalogEntryThumbnailDisplay.jsp -->
	                            </div>
</li>
	                         

	                            <li class="gridItem" style="min-height: 477px;">
	                                <!-- BEGIN CatalogEntryThumbnailDisplay.jsp --><!-- BEGIN MerchandisingAssociationsDisplay.jsp --><!-- Start - JSP File Name:  MerchandisingAssociationsDisplay.jsp --><!-- END MerchandisingAssociationsDisplay.jsp -->
            <div class="product ">
                
                <div class="productInfo">
                    <div class="productNameAndPromotions">
                        
                                  <h3>
                                    <a href="http://www.sainsburys.co.uk/shop/gb/groceries/fresh-pasta-and-sauce-fresh-pasta/sainsburys-fresh-tagliolini-500g">
                                        Sainsbury's Italian Fresh Egg Linguine 500g
                                        <img src="http://c2.sainsburys.co.uk/wcsstore7.20.1.145/ExtendedSitesCatalogAssetStore/images/catalog/productImages/00/0000001451900/0000001451900_L.jpeg" alt=""></a>
                                </h3>
                              
                    </div> 
                </div>
                
                <div class="errorBanner hidden" id="error90211"></div>
                <div class="addToTrolleytabBox">   
                    <!--addToTrolleytabBox GRID VIEW --><!-- Start UserSubscribedOrNot.jspf --><!-- Start UserSubscribedOrNot.jsp --><!-- 
			If the user is not logged in, render this opening 
			DIV adding an addtional class to fix the border top which is removed 
			and replaced by the tabs
		-->
		<div class="addToTrolleytabContainer addItemBorderTop">
	<!-- End AddToSubscriptionList.jsp --><!-- End AddSubscriptionList.jspf --><!-- 
                    ATTENTION!!!
                    <div class="addToTrolleytabContainer">
                    This opening div is inside "../../ReusableObjects/UserSubscribedOrNot.jsp"
                    -->
                    <div class="pricingAndTrolleyOptions">
                    	
                                    <div class="priceTab priceTabContainer activeContainer addItem" id="addItem_90211">
                                       <div class="pricing">
                                           
	<p class="pricePerUnit">
    Â£1.50<abbr title="per">/</abbr><abbr title="unit"><span class="pricePerUnitUnit">unit</span></abbr>
</p>
 
    <p class="pricePerMeasure">Â£3.00<abbr title="per">/</abbr><abbr title="kilogram"><span class="pricePerMeasureMeasure">kg</span></abbr>
    </p>

                                       </div>                                      

                                     
                                        <div class="addToTrolleyForm "> 
                                           <!-- BEGIN AddToTrolley.jsp -->

		<form class="addToTrolleyForm" name="OrderItemAddForm_90211" action="OrderItemAdd" method="post" id="OrderItemAddForm_90211">
		    <input type="hidden" name="storeId" value="10151"><input type="hidden" name="langId" value="44"><input type="hidden" name="catalogId" value="10241"><input type="hidden" name="errorViewName" value="CategoryDisplayView"><input type="hidden" name="SKU_ID" value="6464744"><input type="hidden" name="itemType" value=""><label class="access" for="quantity_90210">Quantity</label>
		        
					<input name="quantity" id="quantity_90210" type="text" size="3" value="1" class="quantity"><input type="hidden" name="catEntryId" value="90211"><input type="hidden" name="productId" value="90210"><input type="hidden" name="URL" value="http://www.sainsburys.co.uk/webapp/wcs/stores/servlet/CategoryDisplay?msg=&amp;langId=44&amp;storeId=10151&amp;krypto=7Qkmmd4JZcE3l7%2BJLf8Krv%2FBP1QKJsNRC4onLI%2BaY0%2FuTP%2FeedcHKh2BT%2FXdSuI%2B76EQWaLUa%2FnQGG3pCW8hJkTK9NjU8Svv4h%2FeTlYgy%2FhE1H2rTb%2F6k0kc2GayYrUKZdeC3S1gXjM8%2BGf0s4SwXwhrLhoBZBoN80wYPCzuvbo%3D&amp;ddkey=http%3Agb%2Fgroceries%2Fchilled-%2Ffresh-pasta-and-sauce-fresh-pasta"><input type="hidden" name="page" value=""><input type="hidden" name="contractId" value=""><input type="hidden" name="calculateOrder" value="1"><input type="hidden" name="calculationUsage" value="-1,-2,-3"><input type="hidden" name="updateable" value="1"><input type="hidden" name="merge" value="***"><input type="hidden" name="callAjax" value="false"><input class="button process" type="submit" name="Add" value="Add">
</form>
	<!-- END AddToTrolley.jsp -->
        <div class="numberInTrolley hidden numberInTrolley_90210" id="numberInTrolley_90210">
            
        </div>
    
                                        </div>

                                        <!-- BEGIN CatalogEntryRatingsReviewsInfo.jspf --><!-- productAllowedRatingsAndReviews: true -->
    <div class="reviews">
        
            <a class="numberOfReviews" href="http://www.sainsburys.co.uk/shop/gb/groceries/fresh-pasta-and-sauce-fresh-pasta/sainsburys-fresh-tagliolini-500g#reviews">
                <img src="http://c2.sainsburys.co.uk/wcsstore7.20.1.145/SainsburysStorefrontAssetStore/img/stars/rating-5_0.gif" alt="5.0" border="0">Â  
                Reviews (1)
            </a>
        
    </div>
<!-- END CatalogEntryRatingsReviewsInfo.jspf -->
                                   </div>
                               <!-- Start AddToSubscriptionList.jspf --><!-- Start AddToSubscriptionList.jsp --><!-- End AddToSubscriptionList.jsp --><!-- End AddToSubscriptionList.jspf -->     
                    </div>
                            
                    
                </div>     
            </div>
            <!--ThumbnailRestriction --><!-- END CatalogEntryThumbnailDisplay.jsp -->
	                            </div>
</li>
	                         

	                            <li class="gridItem" style="min-height: 477px;">
	                                <!-- BEGIN CatalogEntryThumbnailDisplay.jsp --><!-- BEGIN MerchandisingAssociationsDisplay.jsp --><!-- Start - JSP File Name:  MerchandisingAssociationsDisplay.jsp --><!-- END MerchandisingAssociationsDisplay.jsp -->
            <div class="product ">
                
                <div class="productInfo">
                    <div class="productNameAndPromotions">
                        
                                  <h3>
                                    <a href="http://www.sainsburys.co.uk/shop/gb/groceries/fresh-pasta-and-sauce-fresh-pasta/sainsburys-king-prawn---chilli-ravioli--taste-the-difference-250g">
                                        Sainsbury's King Prawn &amp; Chilli Ravioli, Taste the Difference 250g
                                        <img src="http://c2.sainsburys.co.uk/wcsstore7.20.1.145/ExtendedSitesCatalogAssetStore/images/catalog/productImages/84/0000001747584/0000001747584_L.jpeg" alt=""></a>
                                </h3>
                              
                    </div> 
                </div>
                
                <div class="errorBanner hidden" id="error98091"></div>
                <div class="addToTrolleytabBox">   
                    <!--addToTrolleytabBox GRID VIEW --><!-- Start UserSubscribedOrNot.jspf --><!-- Start UserSubscribedOrNot.jsp --><!-- 
			If the user is not logged in, render this opening 
			DIV adding an addtional class to fix the border top which is removed 
			and replaced by the tabs
		-->
		<div class="addToTrolleytabContainer addItemBorderTop">
	<!-- End AddToSubscriptionList.jsp --><!-- End AddSubscriptionList.jspf --><!-- 
                    ATTENTION!!!
                    <div class="addToTrolleytabContainer">
                    This opening div is inside "../../ReusableObjects/UserSubscribedOrNot.jsp"
                    -->
                    <div class="pricingAndTrolleyOptions">
                    	
                                    <div class="priceTab priceTabContainer activeContainer addItem" id="addItem_98091">
                                       <div class="pricing">
                                           
	<p class="pricePerUnit">
    Â£2.60<abbr title="per">/</abbr><abbr title="unit"><span class="pricePerUnitUnit">unit</span></abbr>
</p>
 
    <p class="pricePerMeasure">Â£10.40<abbr title="per">/</abbr><abbr title="kilogram"><span class="pricePerMeasureMeasure">kg</span></abbr>
    </p>

                                       </div>                                      

                                     
                                        <div class="addToTrolleyForm "> 
                                           <!-- BEGIN AddToTrolley.jsp -->

		<form class="addToTrolleyForm" name="OrderItemAddForm_98091" action="OrderItemAdd" method="post" id="OrderItemAddForm_98091">
		    <input type="hidden" name="storeId" value="10151"><input type="hidden" name="langId" value="44"><input type="hidden" name="catalogId" value="10241"><input type="hidden" name="errorViewName" value="CategoryDisplayView"><input type="hidden" name="SKU_ID" value="7340720"><input type="hidden" name="itemType" value=""><label class="access" for="quantity_98090">Quantity</label>
		        
					<input name="quantity" id="quantity_98090" type="text" size="3" value="1" class="quantity"><input type="hidden" name="catEntryId" value="98091"><input type="hidden" name="productId" value="98090"><input type="hidden" name="URL" value="http://www.sainsburys.co.uk/webapp/wcs/stores/servlet/CategoryDisplay?msg=&amp;langId=44&amp;storeId=10151&amp;krypto=7Qkmmd4JZcE3l7%2BJLf8Krv%2FBP1QKJsNRC4onLI%2BaY0%2FuTP%2FeedcHKh2BT%2FXdSuI%2B76EQWaLUa%2FnQGG3pCW8hJkTK9NjU8Svv4h%2FeTlYgy%2FhE1H2rTb%2F6k0kc2GayYrUKZdeC3S1gXjM8%2BGf0s4SwXwhrLhoBZBoN80wYPCzuvbo%3D&amp;ddkey=http%3Agb%2Fgroceries%2Fchilled-%2Ffresh-pasta-and-sauce-fresh-pasta"><input type="hidden" name="page" value=""><input type="hidden" name="contractId" value=""><input type="hidden" name="calculateOrder" value="1"><input type="hidden" name="calculationUsage" value="-1,-2,-3"><input type="hidden" name="updateable" value="1"><input type="hidden" name="merge" value="***"><input type="hidden" name="callAjax" value="false"><input class="button process" type="submit" name="Add" value="Add">
</form>
	<!-- END AddToTrolley.jsp -->
        <div class="numberInTrolley hidden numberInTrolley_98090" id="numberInTrolley_98090">
            
        </div>
    
                                        </div>

                                        <!-- BEGIN CatalogEntryRatingsReviewsInfo.jspf --><!-- productAllowedRatingsAndReviews: true -->
    <div class="reviews">
        
            <a class="numberOfReviews" href="http://www.sainsburys.co.uk/shop/gb/groceries/fresh-pasta-and-sauce-fresh-pasta/sainsburys-king-prawn---chilli-ravioli--taste-the-difference-250g#reviews">
                <img src="http://c2.sainsburys.co.uk/wcsstore7.20.1.145/SainsburysStorefrontAssetStore/img/stars/rating-3_3.gif" alt="3.3333" border="0">Â  
                Reviews (12)
            </a>
        
    </div>
<!-- END CatalogEntryRatingsReviewsInfo.jspf -->
                                   </div>
                               <!-- Start AddToSubscriptionList.jspf --><!-- Start AddToSubscriptionList.jsp --><!-- End AddToSubscriptionList.jsp --><!-- End AddToSubscriptionList.jspf -->     
                    </div>
                            
                    
    
    <div class="badges">
        <ul>
<li class="lastchild">

                        
                            <a href="/shop/gb/groceries/get-ideas/delivery-and-guides/freshness">
                        
                        
                        <img src="/wcsstore7.20.1.145/SainsburysStorefrontAssetStore/wcassets/icons/typical_life/typical_life_7days.jpg" alt="Typical life 7 days"></a>    
                        
                    </li>
                
        </ul>
</div>

                </div>     
            </div>
            <!--ThumbnailRestriction --><!-- END CatalogEntryThumbnailDisplay.jsp -->
	                            </div>
</li>
	                         

	                            <li class="gridItem" style="min-height: 477px;">
	                                <!-- BEGIN CatalogEntryThumbnailDisplay.jsp --><!-- BEGIN MerchandisingAssociationsDisplay.jsp --><!-- Start - JSP File Name:  MerchandisingAssociationsDisplay.jsp --><!-- END MerchandisingAssociationsDisplay.jsp -->
            <div class="product ">
                
                <div class="productInfo">
                    <div class="productNameAndPromotions">
                        
                                  <h3>
                                    <a href="http://www.sainsburys.co.uk/shop/gb/groceries/fresh-pasta-and-sauce-fresh-pasta/sainsburys-lumaconi-pasta--taste-the-difference-250g">
                                        Sainsbury's Lumaconi Pasta, Taste the Difference 250g
                                        <img src="http://c2.sainsburys.co.uk/wcsstore7.20.1.145/ExtendedSitesCatalogAssetStore/images/catalog/productImages/23/0000001861723/0000001861723_L.jpeg" alt=""></a>
                                </h3>
                              
                    </div> 
                </div>
                
                <div class="errorBanner hidden" id="error106559"></div>
                <div class="addToTrolleytabBox">   
                    <!--addToTrolleytabBox GRID VIEW --><!-- Start UserSubscribedOrNot.jspf --><!-- Start UserSubscribedOrNot.jsp --><!-- 
			If the user is not logged in, render this opening 
			DIV adding an addtional class to fix the border top which is removed 
			and replaced by the tabs
		-->
		<div class="addToTrolleytabContainer addItemBorderTop">
	<!-- End AddToSubscriptionList.jsp --><!-- End AddSubscriptionList.jspf --><!-- 
                    ATTENTION!!!
                    <div class="addToTrolleytabContainer">
                    This opening div is inside "../../ReusableObjects/UserSubscribedOrNot.jsp"
                    -->
                    <div class="pricingAndTrolleyOptions">
                    	
                                    <div class="priceTab priceTabContainer activeContainer addItem" id="addItem_106559">
                                       <div class="pricing">
                                           
	<p class="pricePerUnit">
    Â£1.60<abbr title="per">/</abbr><abbr title="unit"><span class="pricePerUnitUnit">unit</span></abbr>
</p>
 
    <p class="pricePerMeasure">Â£6.40<abbr title="per">/</abbr><abbr title="kilogram"><span class="pricePerMeasureMeasure">kg</span></abbr>
    </p>

                                       </div>                                      

                                     
                                        <div class="addToTrolleyForm "> 
                                           <!-- BEGIN AddToTrolley.jsp -->

		<form class="addToTrolleyForm" name="OrderItemAddForm_106559" action="OrderItemAdd" method="post" id="OrderItemAddForm_106559">
		    <input type="hidden" name="storeId" value="10151"><input type="hidden" name="langId" value="44"><input type="hidden" name="catalogId" value="10241"><input type="hidden" name="errorViewName" value="CategoryDisplayView"><input type="hidden" name="SKU_ID" value="7585584"><input type="hidden" name="itemType" value=""><label class="access" for="quantity_106558">Quantity</label>
		        
					<input name="quantity" id="quantity_106558" type="text" size="3" value="1" class="quantity"><input type="hidden" name="catEntryId" value="106559"><input type="hidden" name="productId" value="106558"><input type="hidden" name="URL" value="http://www.sainsburys.co.uk/webapp/wcs/stores/servlet/CategoryDisplay?msg=&amp;langId=44&amp;storeId=10151&amp;krypto=7Qkmmd4JZcE3l7%2BJLf8Krv%2FBP1QKJsNRC4onLI%2BaY0%2FuTP%2FeedcHKh2BT%2FXdSuI%2B76EQWaLUa%2FnQGG3pCW8hJkTK9NjU8Svv4h%2FeTlYgy%2FhE1H2rTb%2F6k0kc2GayYrUKZdeC3S1gXjM8%2BGf0s4SwXwhrLhoBZBoN80wYPCzuvbo%3D&amp;ddkey=http%3Agb%2Fgroceries%2Fchilled-%2Ffresh-pasta-and-sauce-fresh-pasta"><input type="hidden" name="page" value=""><input type="hidden" name="contractId" value=""><input type="hidden" name="calculateOrder" value="1"><input type="hidden" name="calculationUsage" value="-1,-2,-3"><input type="hidden" name="updateable" value="1"><input type="hidden" name="merge" value="***"><input type="hidden" name="callAjax" value="false"><input class="button process" type="submit" name="Add" value="Add">
</form>
	<!-- END AddToTrolley.jsp -->
        <div class="numberInTrolley hidden numberInTrolley_106558" id="numberInTrolley_106558">
            
        </div>
    
                                        </div>

                                        <!-- BEGIN CatalogEntryRatingsReviewsInfo.jspf --><!-- productAllowedRatingsAndReviews: true -->
    <div class="reviews">
        
            <a class="numberOfReviews" href="http://www.sainsburys.co.uk/shop/gb/groceries/fresh-pasta-and-sauce-fresh-pasta/sainsburys-lumaconi-pasta--taste-the-difference-250g#reviews">
                <img src="http://c2.sainsburys.co.uk/wcsstore7.20.1.145/SainsburysStorefrontAssetStore/img/stars/rating-5_0.gif" alt="5.0" border="0">Â  
                Reviews (1)
            </a>
        
    </div>
<!-- END CatalogEntryRatingsReviewsInfo.jspf -->
                                   </div>
                               <!-- Start AddToSubscriptionList.jspf --><!-- Start AddToSubscriptionList.jsp --><!-- End AddToSubscriptionList.jsp --><!-- End AddToSubscriptionList.jspf -->     
                    </div>
                            
                    
    
    <div class="badges">
        <ul>
<li class="lastchild">

                        
                        
                        <img src="/wcsstore7.20.1.145/SainsburysStorefrontAssetStore/wcassets/icons/ico_spacer.gif" alt="Vegetarian">
</li>
                
        </ul>
</div>

                </div>     
            </div>
            <!--ThumbnailRestriction --><!-- END CatalogEntryThumbnailDisplay.jsp -->
	                            </div>
</li>
	                         

	                            <li class="gridItem" style="min-height: 477px;">
	                                <!-- BEGIN CatalogEntryThumbnailDisplay.jsp --><!-- BEGIN MerchandisingAssociationsDisplay.jsp --><!-- Start - JSP File Name:  MerchandisingAssociationsDisplay.jsp --><!-- END MerchandisingAssociationsDisplay.jsp -->
            <div class="product ">
                
                <div class="productInfo">
                    <div class="productNameAndPromotions">
                        
                                  <h3>
                                    <a href="http://www.sainsburys.co.uk/shop/gb/groceries/fresh-pasta-and-sauce-fresh-pasta/sainsburys-mushroom---pinot-grigio-margherite--taste-the-difference-250g">
                                        Sainsbury's Mushroom &amp; Pinot Grigio Margherite, Taste the Difference 250g
                                        <img src="http://c2.sainsburys.co.uk/wcsstore7.20.1.145/ExtendedSitesCatalogAssetStore/images/catalog/productImages/88/0000001745788/0000001745788_L.jpeg" alt=""></a>
                                </h3>
                              
                    </div> 
                </div>
                
                <div class="errorBanner hidden" id="error98077"></div>
                <div class="addToTrolleytabBox">   
                    <!--addToTrolleytabBox GRID VIEW --><!-- Start UserSubscribedOrNot.jspf --><!-- Start UserSubscribedOrNot.jsp --><!-- 
			If the user is not logged in, render this opening 
			DIV adding an addtional class to fix the border top which is removed 
			and replaced by the tabs
		-->
		<div class="addToTrolleytabContainer addItemBorderTop">
	<!-- End AddToSubscriptionList.jsp --><!-- End AddSubscriptionList.jspf --><!-- 
                    ATTENTION!!!
                    <div class="addToTrolleytabContainer">
                    This opening div is inside "../../ReusableObjects/UserSubscribedOrNot.jsp"
                    -->
                    <div class="pricingAndTrolleyOptions">
                    	
                                    <div class="priceTab priceTabContainer activeContainer addItem" id="addItem_98077">
                                       <div class="pricing">
                                           
	<p class="pricePerUnit">
    Â£2.60<abbr title="per">/</abbr><abbr title="unit"><span class="pricePerUnitUnit">unit</span></abbr>
</p>
 
    <p class="pricePerMeasure">Â£10.40<abbr title="per">/</abbr><abbr title="kilogram"><span class="pricePerMeasureMeasure">kg</span></abbr>
    </p>

                                       </div>                                      

                                     
                                        <div class="addToTrolleyForm "> 
                                           <!-- BEGIN AddToTrolley.jsp -->

		<form class="addToTrolleyForm" name="OrderItemAddForm_98077" action="OrderItemAdd" method="post" id="OrderItemAddForm_98077">
		    <input type="hidden" name="storeId" value="10151"><input type="hidden" name="langId" value="44"><input type="hidden" name="catalogId" value="10241"><input type="hidden" name="errorViewName" value="CategoryDisplayView"><input type="hidden" name="SKU_ID" value="7340121"><input type="hidden" name="itemType" value=""><label class="access" for="quantity_98076">Quantity</label>
		        
					<input name="quantity" id="quantity_98076" type="text" size="3" value="1" class="quantity"><input type="hidden" name="catEntryId" value="98077"><input type="hidden" name="productId" value="98076"><input type="hidden" name="URL" value="http://www.sainsburys.co.uk/webapp/wcs/stores/servlet/CategoryDisplay?msg=&amp;langId=44&amp;storeId=10151&amp;krypto=7Qkmmd4JZcE3l7%2BJLf8Krv%2FBP1QKJsNRC4onLI%2BaY0%2FuTP%2FeedcHKh2BT%2FXdSuI%2B76EQWaLUa%2FnQGG3pCW8hJkTK9NjU8Svv4h%2FeTlYgy%2FhE1H2rTb%2F6k0kc2GayYrUKZdeC3S1gXjM8%2BGf0s4SwXwhrLhoBZBoN80wYPCzuvbo%3D&amp;ddkey=http%3Agb%2Fgroceries%2Fchilled-%2Ffresh-pasta-and-sauce-fresh-pasta"><input type="hidden" name="page" value=""><input type="hidden" name="contractId" value=""><input type="hidden" name="calculateOrder" value="1"><input type="hidden" name="calculationUsage" value="-1,-2,-3"><input type="hidden" name="updateable" value="1"><input type="hidden" name="merge" value="***"><input type="hidden" name="callAjax" value="false"><input class="button process" type="submit" name="Add" value="Add">
</form>
	<!-- END AddToTrolley.jsp -->
        <div class="numberInTrolley hidden numberInTrolley_98076" id="numberInTrolley_98076">
            
        </div>
    
                                        </div>

                                        <!-- BEGIN CatalogEntryRatingsReviewsInfo.jspf --><!-- productAllowedRatingsAndReviews: true -->
    <div class="reviews">
        
            <a class="numberOfReviews" href="http://www.sainsburys.co.uk/shop/gb/groceries/fresh-pasta-and-sauce-fresh-pasta/sainsburys-mushroom---pinot-grigio-margherite--taste-the-difference-250g#reviews">
                <img src="http://c2.sainsburys.co.uk/wcsstore7.20.1.145/SainsburysStorefrontAssetStore/img/stars/rating-4_3.gif" alt="4.25" border="0">Â  
                Reviews (4)
            </a>
        
    </div>
<!-- END CatalogEntryRatingsReviewsInfo.jspf -->
                                   </div>
                               <!-- Start AddToSubscriptionList.jspf --><!-- Start AddToSubscriptionList.jsp --><!-- End AddToSubscriptionList.jsp --><!-- End AddToSubscriptionList.jspf -->     
                    </div>
                            
                    
    
    <div class="badges">
        <ul>
<li class="lastchild">

                        
                            <a href="/shop/gb/groceries/get-ideas/delivery-and-guides/freshness">
                        
                        
                        <img src="/wcsstore7.20.1.145/SainsburysStorefrontAssetStore/wcassets/icons/typical_life/typical_life_7days.jpg" alt="Typical life 7 days"></a>    
                        
                    </li>
                
        </ul>
</div>

                </div>     
            </div>
            <!--ThumbnailRestriction --><!-- END CatalogEntryThumbnailDisplay.jsp -->
	                            </div>
</li>
	                         

	                            <li class="gridItem" style="min-height: 477px;">
	                                <!-- BEGIN CatalogEntryThumbnailDisplay.jsp --><!-- BEGIN MerchandisingAssociationsDisplay.jsp --><!-- Start - JSP File Name:  MerchandisingAssociationsDisplay.jsp --><!-- END MerchandisingAssociationsDisplay.jsp -->
            <div class="product ">
                
                <div class="productInfo">
                    <div class="productNameAndPromotions">
                        
                                  <h3>
                                    <a href="http://www.sainsburys.co.uk/shop/gb/groceries/fresh-pasta-and-sauce-fresh-pasta/sainsburys-mushroom-tortelloni-400g">
                                        Sainsbury's Mushroom Tortelloni 400g
                                        <img src="http://c2.sainsburys.co.uk/wcsstore7.20.1.145/ExtendedSitesCatalogAssetStore/images/catalog/productImages/61/0000000164061/0000000164061_L.jpeg" alt=""></a>
                                </h3>
                              
                    </div> 
                </div>
                
                <div class="errorBanner hidden" id="error620879"></div>
                <div class="addToTrolleytabBox">   
                    <!--addToTrolleytabBox GRID VIEW --><!-- Start UserSubscribedOrNot.jspf --><!-- Start UserSubscribedOrNot.jsp --><!-- 
			If the user is not logged in, render this opening 
			DIV adding an addtional class to fix the border top which is removed 
			and replaced by the tabs
		-->
		<div class="addToTrolleytabContainer addItemBorderTop">
	<!-- End AddToSubscriptionList.jsp --><!-- End AddSubscriptionList.jspf --><!-- 
                    ATTENTION!!!
                    <div class="addToTrolleytabContainer">
                    This opening div is inside "../../ReusableObjects/UserSubscribedOrNot.jsp"
                    -->
                    <div class="pricingAndTrolleyOptions">
                    	
                                    <div class="priceTab priceTabContainer activeContainer addItem" id="addItem_620879">
                                       <div class="pricing">
                                           
	<p class="pricePerUnit">
    Â£2.00<abbr title="per">/</abbr><abbr title="unit"><span class="pricePerUnitUnit">unit</span></abbr>
</p>
 
    <p class="pricePerMeasure">Â£5.00<abbr title="per">/</abbr><abbr title="kilogram"><span class="pricePerMeasureMeasure">kg</span></abbr>
    </p>

                                       </div>                                      

                                     
                                        <div class="addToTrolleyForm "> 
                                           <!-- BEGIN AddToTrolley.jsp -->

		<form class="addToTrolleyForm" name="OrderItemAddForm_620879" action="OrderItemAdd" method="post" id="OrderItemAddForm_620879">
		    <input type="hidden" name="storeId" value="10151"><input type="hidden" name="langId" value="44"><input type="hidden" name="catalogId" value="10241"><input type="hidden" name="errorViewName" value="CategoryDisplayView"><input type="hidden" name="SKU_ID" value="7693961"><input type="hidden" name="itemType" value=""><label class="access" for="quantity_620878">Quantity</label>
		        
					<input name="quantity" id="quantity_620878" type="text" size="3" value="1" class="quantity"><input type="hidden" name="catEntryId" value="620879"><input type="hidden" name="productId" value="620878"><input type="hidden" name="URL" value="http://www.sainsburys.co.uk/webapp/wcs/stores/servlet/CategoryDisplay?msg=&amp;langId=44&amp;storeId=10151&amp;krypto=7Qkmmd4JZcE3l7%2BJLf8Krv%2FBP1QKJsNRC4onLI%2BaY0%2FuTP%2FeedcHKh2BT%2FXdSuI%2B76EQWaLUa%2FnQGG3pCW8hJkTK9NjU8Svv4h%2FeTlYgy%2FhE1H2rTb%2F6k0kc2GayYrUKZdeC3S1gXjM8%2BGf0s4SwXwhrLhoBZBoN80wYPCzuvbo%3D&amp;ddkey=http%3Agb%2Fgroceries%2Fchilled-%2Ffresh-pasta-and-sauce-fresh-pasta"><input type="hidden" name="page" value=""><input type="hidden" name="contractId" value=""><input type="hidden" name="calculateOrder" value="1"><input type="hidden" name="calculationUsage" value="-1,-2,-3"><input type="hidden" name="updateable" value="1"><input type="hidden" name="merge" value="***"><input type="hidden" name="callAjax" value="false"><input class="button process" type="submit" name="Add" value="Add">
</form>
	<!-- END AddToTrolley.jsp -->
        <div class="numberInTrolley hidden numberInTrolley_620878" id="numberInTrolley_620878">
            
        </div>
    
                                        </div>

                                        <!-- BEGIN CatalogEntryRatingsReviewsInfo.jspf --><!-- productAllowedRatingsAndReviews: true -->
    <div class="reviews">
        
            <a class="numberOfReviews" href="http://www.sainsburys.co.uk/shop/gb/groceries/fresh-pasta-and-sauce-fresh-pasta/sainsburys-mushroom-tortelloni-400g#reviews">
                <img src="http://c2.sainsburys.co.uk/wcsstore7.20.1.145/SainsburysStorefrontAssetStore/img/stars/rating-3_3.gif" alt="3.25" border="0">Â  
                Reviews (4)
            </a>
        
    </div>
<!-- END CatalogEntryRatingsReviewsInfo.jspf -->
                                   </div>
                               <!-- Start AddToSubscriptionList.jspf --><!-- Start AddToSubscriptionList.jsp --><!-- End AddToSubscriptionList.jsp --><!-- End AddToSubscriptionList.jspf -->     
                    </div>
                            
                    
                </div>     
            </div>
            <!--ThumbnailRestriction --><!-- END CatalogEntryThumbnailDisplay.jsp -->
	                            </div>
</li>
	                         

	                            <li class="gridItem" style="min-height: 475px;">
	                                <!-- BEGIN CatalogEntryThumbnailDisplay.jsp --><!-- BEGIN MerchandisingAssociationsDisplay.jsp --><!-- Start - JSP File Name:  MerchandisingAssociationsDisplay.jsp --><!-- END MerchandisingAssociationsDisplay.jsp -->
            <div class="product ">
                
                <div class="productInfo">
                    <div class="productNameAndPromotions">
                        
                                  <h3>
                                    <a href="http://www.sainsburys.co.uk/shop/gb/groceries/fresh-pasta-and-sauce-fresh-pasta/sainsburys-pennoni-pasta--taste-the-difference-250g">
                                        Sainsbury's Pennoni Pasta, Taste the Difference 250g
                                        <img src="http://c2.sainsburys.co.uk/wcsstore7.20.1.145/ExtendedSitesCatalogAssetStore/images/catalog/productImages/60/0000001861860/0000001861860_L.jpeg" alt=""></a>
                                </h3>
                              
                    </div> 
                </div>
                
                <div class="errorBanner hidden" id="error106569"></div>
                <div class="addToTrolleytabBox">   
                    <!--addToTrolleytabBox GRID VIEW --><!-- Start UserSubscribedOrNot.jspf --><!-- Start UserSubscribedOrNot.jsp --><!-- 
			If the user is not logged in, render this opening 
			DIV adding an addtional class to fix the border top which is removed 
			and replaced by the tabs
		-->
		<div class="addToTrolleytabContainer addItemBorderTop">
	<!-- End AddToSubscriptionList.jsp --><!-- End AddSubscriptionList.jspf --><!-- 
                    ATTENTION!!!
                    <div class="addToTrolleytabContainer">
                    This opening div is inside "../../ReusableObjects/UserSubscribedOrNot.jsp"
                    -->
                    <div class="pricingAndTrolleyOptions">
                    	
                                    <div class="priceTab priceTabContainer activeContainer addItem" id="addItem_106569">
                                       <div class="pricing">
                                           
	<p class="pricePerUnit">
    Â£1.60<abbr title="per">/</abbr><abbr title="unit"><span class="pricePerUnitUnit">unit</span></abbr>
</p>
 
    <p class="pricePerMeasure">Â£6.40<abbr title="per">/</abbr><abbr title="kilogram"><span class="pricePerMeasureMeasure">kg</span></abbr>
    </p>

                                       </div>                                      

                                     
                                        <div class="addToTrolleyForm "> 
                                           <!-- BEGIN AddToTrolley.jsp -->

		<form class="addToTrolleyForm" name="OrderItemAddForm_106569" action="OrderItemAdd" method="post" id="OrderItemAddForm_106569">
		    <input type="hidden" name="storeId" value="10151"><input type="hidden" name="langId" value="44"><input type="hidden" name="catalogId" value="10241"><input type="hidden" name="errorViewName" value="CategoryDisplayView"><input type="hidden" name="SKU_ID" value="7585648"><input type="hidden" name="itemType" value=""><label class="access" for="quantity_106568">Quantity</label>
		        
					<input name="quantity" id="quantity_106568" type="text" size="3" value="1" class="quantity"><input type="hidden" name="catEntryId" value="106569"><input type="hidden" name="productId" value="106568"><input type="hidden" name="URL" value="http://www.sainsburys.co.uk/webapp/wcs/stores/servlet/CategoryDisplay?msg=&amp;langId=44&amp;storeId=10151&amp;krypto=7Qkmmd4JZcE3l7%2BJLf8Krv%2FBP1QKJsNRC4onLI%2BaY0%2FuTP%2FeedcHKh2BT%2FXdSuI%2B76EQWaLUa%2FnQGG3pCW8hJkTK9NjU8Svv4h%2FeTlYgy%2FhE1H2rTb%2F6k0kc2GayYrUKZdeC3S1gXjM8%2BGf0s4SwXwhrLhoBZBoN80wYPCzuvbo%3D&amp;ddkey=http%3Agb%2Fgroceries%2Fchilled-%2Ffresh-pasta-and-sauce-fresh-pasta"><input type="hidden" name="page" value=""><input type="hidden" name="contractId" value=""><input type="hidden" name="calculateOrder" value="1"><input type="hidden" name="calculationUsage" value="-1,-2,-3"><input type="hidden" name="updateable" value="1"><input type="hidden" name="merge" value="***"><input type="hidden" name="callAjax" value="false"><input class="button process" type="submit" name="Add" value="Add">
</form>
	<!-- END AddToTrolley.jsp -->
        <div class="numberInTrolley hidden numberInTrolley_106568" id="numberInTrolley_106568">
            
        </div>
    
                                        </div>

                                        <!-- BEGIN CatalogEntryRatingsReviewsInfo.jspf --><!-- productAllowedRatingsAndReviews: true -->
    <div class="reviews">
        
	        <a class="numberOfReviews repressive" href="http://reviews.sainsburys.co.uk//8076-en_gb/7585648-P/writereview.htm?submissionurl=http%3A%2F%2Fwww.sainsburys.co.uk%2Fwebapp%2Fwcs%2Fstores%2Fservlet%2FBVReviewSubmitDisplay%3FcatalogId%3D10254%26storeId%3D10151%26recipe%3D%26langId%3D44%26productId%3D7585648-P&amp;return=http%3A%2F%2Fwww.sainsburys.co.uk%2Fwebapp%2Fwcs%2Fstores%2Fservlet%2FCategoryDisplay%3FbeginIndex%3D0%26pageSize%3D90">
	    Write a review
          	</a>
        
    </div>
<!-- END CatalogEntryRatingsReviewsInfo.jspf -->
                                   </div>
                               <!-- Start AddToSubscriptionList.jspf --><!-- Start AddToSubscriptionList.jsp --><!-- End AddToSubscriptionList.jsp --><!-- End AddToSubscriptionList.jspf -->     
                    </div>
                            
                    
    
    <div class="badges">
        <ul>
<li class="lastchild">

                        
                        
                        <img src="/wcsstore7.20.1.145/SainsburysStorefrontAssetStore/wcassets/icons/ico_spacer.gif" alt="Vegetarian">
</li>
                
        </ul>
</div>

                </div>     
            </div>
            <!--ThumbnailRestriction --><!-- END CatalogEntryThumbnailDisplay.jsp -->
	                            </div>
</li>
	                         

	                            <li class="gridItem" style="min-height: 475px;">
	                                <!-- BEGIN CatalogEntryThumbnailDisplay.jsp --><!-- BEGIN MerchandisingAssociationsDisplay.jsp --><!-- Start - JSP File Name:  MerchandisingAssociationsDisplay.jsp --><!-- END MerchandisingAssociationsDisplay.jsp -->
            <div class="product ">
                
                <div class="productInfo">
                    <div class="productNameAndPromotions">
                        
                                  <h3>
                                    <a href="http://www.sainsburys.co.uk/shop/gb/groceries/fresh-pasta-and-sauce-fresh-pasta/sainsburys-pesto---goats-cheese-tortelloni-400g">
                                        Sainsbury's Pesto &amp; Goats Cheese Tortelloni 400g
                                        <img src="http://c2.sainsburys.co.uk/wcsstore7.20.1.145/ExtendedSitesCatalogAssetStore/images/catalog/productImages/92/0000000164092/0000000164092_L.jpeg" alt=""></a>
                                </h3>
                              
                    </div> 
                </div>
                
                <div class="errorBanner hidden" id="error620881"></div>
                <div class="addToTrolleytabBox">   
                    <!--addToTrolleytabBox GRID VIEW --><!-- Start UserSubscribedOrNot.jspf --><!-- Start UserSubscribedOrNot.jsp --><!-- 
			If the user is not logged in, render this opening 
			DIV adding an addtional class to fix the border top which is removed 
			and replaced by the tabs
		-->
		<div class="addToTrolleytabContainer addItemBorderTop">
	<!-- End AddToSubscriptionList.jsp --><!-- End AddSubscriptionList.jspf --><!-- 
                    ATTENTION!!!
                    <div class="addToTrolleytabContainer">
                    This opening div is inside "../../ReusableObjects/UserSubscribedOrNot.jsp"
                    -->
                    <div class="pricingAndTrolleyOptions">
                    	
                                    <div class="priceTab priceTabContainer activeContainer addItem" id="addItem_620881">
                                       <div class="pricing">
                                           
	<p class="pricePerUnit">
    Â£2.00<abbr title="per">/</abbr><abbr title="unit"><span class="pricePerUnitUnit">unit</span></abbr>
</p>
 
    <p class="pricePerMeasure">Â£5.00<abbr title="per">/</abbr><abbr title="kilogram"><span class="pricePerMeasureMeasure">kg</span></abbr>
    </p>

                                       </div>                                      

                                     
                                        <div class="addToTrolleyForm "> 
                                           <!-- BEGIN AddToTrolley.jsp -->

		<form class="addToTrolleyForm" name="OrderItemAddForm_620881" action="OrderItemAdd" method="post" id="OrderItemAddForm_620881">
		    <input type="hidden" name="storeId" value="10151"><input type="hidden" name="langId" value="44"><input type="hidden" name="catalogId" value="10241"><input type="hidden" name="errorViewName" value="CategoryDisplayView"><input type="hidden" name="SKU_ID" value="7693971"><input type="hidden" name="itemType" value=""><label class="access" for="quantity_620880">Quantity</label>
		        
					<input name="quantity" id="quantity_620880" type="text" size="3" value="1" class="quantity"><input type="hidden" name="catEntryId" value="620881"><input type="hidden" name="productId" value="620880"><input type="hidden" name="URL" value="http://www.sainsburys.co.uk/webapp/wcs/stores/servlet/CategoryDisplay?msg=&amp;langId=44&amp;storeId=10151&amp;krypto=7Qkmmd4JZcE3l7%2BJLf8Krv%2FBP1QKJsNRC4onLI%2BaY0%2FuTP%2FeedcHKh2BT%2FXdSuI%2B76EQWaLUa%2FnQGG3pCW8hJkTK9NjU8Svv4h%2FeTlYgy%2FhE1H2rTb%2F6k0kc2GayYrUKZdeC3S1gXjM8%2BGf0s4SwXwhrLhoBZBoN80wYPCzuvbo%3D&amp;ddkey=http%3Agb%2Fgroceries%2Fchilled-%2Ffresh-pasta-and-sauce-fresh-pasta"><input type="hidden" name="page" value=""><input type="hidden" name="contractId" value=""><input type="hidden" name="calculateOrder" value="1"><input type="hidden" name="calculationUsage" value="-1,-2,-3"><input type="hidden" name="updateable" value="1"><input type="hidden" name="merge" value="***"><input type="hidden" name="callAjax" value="false"><input class="button process" type="submit" name="Add" value="Add">
</form>
	<!-- END AddToTrolley.jsp -->
        <div class="numberInTrolley hidden numberInTrolley_620880" id="numberInTrolley_620880">
            
        </div>
    
                                        </div>

                                        <!-- BEGIN CatalogEntryRatingsReviewsInfo.jspf --><!-- productAllowedRatingsAndReviews: true -->
    <div class="reviews">
        
            <a class="numberOfReviews" href="http://www.sainsburys.co.uk/shop/gb/groceries/fresh-pasta-and-sauce-fresh-pasta/sainsburys-pesto---goats-cheese-tortelloni-400g#reviews">
                <img src="http://c2.sainsburys.co.uk/wcsstore7.20.1.145/SainsburysStorefrontAssetStore/img/stars/rating-5_0.gif" alt="5.0" border="0">Â  
                Reviews (2)
            </a>
        
    </div>
<!-- END CatalogEntryRatingsReviewsInfo.jspf -->
                                   </div>
                               <!-- Start AddToSubscriptionList.jspf --><!-- Start AddToSubscriptionList.jsp --><!-- End AddToSubscriptionList.jsp --><!-- End AddToSubscriptionList.jspf -->     
                    </div>
                            
                    
                </div>     
            </div>
            <!--ThumbnailRestriction --><!-- END CatalogEntryThumbnailDisplay.jsp -->
	                            </div>
</li>
	                         

	                            <li class="gridItem" style="min-height: 475px;">
	                                <!-- BEGIN CatalogEntryThumbnailDisplay.jsp --><!-- BEGIN MerchandisingAssociationsDisplay.jsp --><!-- Start - JSP File Name:  MerchandisingAssociationsDisplay.jsp --><!-- END MerchandisingAssociationsDisplay.jsp -->
            <div class="product ">
                
                <div class="productInfo">
                    <div class="productNameAndPromotions">
                        
                                  <h3>
                                    <a href="http://www.sainsburys.co.uk/shop/gb/groceries/fresh-pasta-and-sauce-fresh-pasta/sainsburys-prosciutto-cappelletti-400g">
                                        Sainsbury's Prosciutto Cappelletti 400g
                                        <img src="http://c2.sainsburys.co.uk/wcsstore7.20.1.145/ExtendedSitesCatalogAssetStore/images/catalog/productImages/83/0000000220583/0000000220583_L.jpeg" alt=""></a>
                                </h3>
                              
                    </div> 
                </div>
                
                <div class="errorBanner hidden" id="error961183"></div>
                <div class="addToTrolleytabBox">   
                    <!--addToTrolleytabBox GRID VIEW --><!-- Start UserSubscribedOrNot.jspf --><!-- Start UserSubscribedOrNot.jsp --><!-- 
			If the user is not logged in, render this opening 
			DIV adding an addtional class to fix the border top which is removed 
			and replaced by the tabs
		-->
		<div class="addToTrolleytabContainer addItemBorderTop">
	<!-- End AddToSubscriptionList.jsp --><!-- End AddSubscriptionList.jspf --><!-- 
                    ATTENTION!!!
                    <div class="addToTrolleytabContainer">
                    This opening div is inside "../../ReusableObjects/UserSubscribedOrNot.jsp"
                    -->
                    <div class="pricingAndTrolleyOptions">
                    	
                                    <div class="priceTab priceTabContainer activeContainer addItem" id="addItem_961183">
                                       <div class="pricing">
                                           
	<p class="pricePerUnit">
    Â£2.00<abbr title="per">/</abbr><abbr title="unit"><span class="pricePerUnitUnit">unit</span></abbr>
</p>
 
    <p class="pricePerMeasure">Â£5.00<abbr title="per">/</abbr><abbr title="kilogram"><span class="pricePerMeasureMeasure">kg</span></abbr>
    </p>

                                       </div>                                      

                                     
                                        <div class="addToTrolleyForm "> 
                                           <!-- BEGIN AddToTrolley.jsp -->

		<form class="addToTrolleyForm" name="OrderItemAddForm_961183" action="OrderItemAdd" method="post" id="OrderItemAddForm_961183">
		    <input type="hidden" name="storeId" value="10151"><input type="hidden" name="langId" value="44"><input type="hidden" name="catalogId" value="10241"><input type="hidden" name="errorViewName" value="CategoryDisplayView"><input type="hidden" name="SKU_ID" value="7774038"><input type="hidden" name="itemType" value=""><label class="access" for="quantity_961182">Quantity</label>
		        
					<input name="quantity" id="quantity_961182" type="text" size="3" value="1" class="quantity"><input type="hidden" name="catEntryId" value="961183"><input type="hidden" name="productId" value="961182"><input type="hidden" name="URL" value="http://www.sainsburys.co.uk/webapp/wcs/stores/servlet/CategoryDisplay?msg=&amp;langId=44&amp;storeId=10151&amp;krypto=7Qkmmd4JZcE3l7%2BJLf8Krv%2FBP1QKJsNRC4onLI%2BaY0%2FuTP%2FeedcHKh2BT%2FXdSuI%2B76EQWaLUa%2FnQGG3pCW8hJkTK9NjU8Svv4h%2FeTlYgy%2FhE1H2rTb%2F6k0kc2GayYrUKZdeC3S1gXjM8%2BGf0s4SwXwhrLhoBZBoN80wYPCzuvbo%3D&amp;ddkey=http%3Agb%2Fgroceries%2Fchilled-%2Ffresh-pasta-and-sauce-fresh-pasta"><input type="hidden" name="page" value=""><input type="hidden" name="contractId" value=""><input type="hidden" name="calculateOrder" value="1"><input type="hidden" name="calculationUsage" value="-1,-2,-3"><input type="hidden" name="updateable" value="1"><input type="hidden" name="merge" value="***"><input type="hidden" name="callAjax" value="false"><input class="button process" type="submit" name="Add" value="Add">
</form>
	<!-- END AddToTrolley.jsp -->
        <div class="numberInTrolley hidden numberInTrolley_961182" id="numberInTrolley_961182">
            
        </div>
    
                                        </div>

                                        <!-- BEGIN CatalogEntryRatingsReviewsInfo.jspf --><!-- productAllowedRatingsAndReviews: true -->
    <div class="reviews">
        
            <a class="numberOfReviews" href="http://www.sainsburys.co.uk/shop/gb/groceries/fresh-pasta-and-sauce-fresh-pasta/sainsburys-prosciutto-cappelletti-400g#reviews">
                <img src="http://c2.sainsburys.co.uk/wcsstore7.20.1.145/SainsburysStorefrontAssetStore/img/stars/rating-3_7.gif" alt="3.6667" border="0">Â  
                Reviews (3)
            </a>
        
    </div>
<!-- END CatalogEntryRatingsReviewsInfo.jspf -->
                                   </div>
                               <!-- Start AddToSubscriptionList.jspf --><!-- Start AddToSubscriptionList.jsp --><!-- End AddToSubscriptionList.jsp --><!-- End AddToSubscriptionList.jspf -->     
                    </div>
                            
                    
                </div>     
            </div>
            <!--ThumbnailRestriction --><!-- END CatalogEntryThumbnailDisplay.jsp -->
	                            </div>
</li>
	                         

	                            <li class="gridItem" style="min-height: 477px;">
	                                <!-- BEGIN CatalogEntryThumbnailDisplay.jsp --><!-- BEGIN MerchandisingAssociationsDisplay.jsp --><!-- Start - JSP File Name:  MerchandisingAssociationsDisplay.jsp --><!-- END MerchandisingAssociationsDisplay.jsp -->
            <div class="product ">
                
                <div class="productInfo">
                    <div class="productNameAndPromotions">
                        
                                  <h3>
                                    <a href="http://www.sainsburys.co.uk/shop/gb/groceries/fresh-pasta-and-sauce-fresh-pasta/sainsburys-pumpkin---sage-quadrotti--taste-the-difference-250g">
                                        Sainsbury's Pumpkin &amp; Sage Quadrotti, Taste the Difference 250g
                                        <img src="http://c2.sainsburys.co.uk/wcsstore7.20.1.145/ExtendedSitesCatalogAssetStore/images/catalog/productImages/02/0000001675702/0000001675702_L.jpeg" alt=""></a>
                                </h3>
                              
                    </div> 
                </div>
                
                <div class="errorBanner hidden" id="error95109"></div>
                <div class="addToTrolleytabBox">   
                    <!--addToTrolleytabBox GRID VIEW --><!-- Start UserSubscribedOrNot.jspf --><!-- Start UserSubscribedOrNot.jsp --><!-- 
			If the user is not logged in, render this opening 
			DIV adding an addtional class to fix the border top which is removed 
			and replaced by the tabs
		-->
		<div class="addToTrolleytabContainer addItemBorderTop">
	<!-- End AddToSubscriptionList.jsp --><!-- End AddSubscriptionList.jspf --><!-- 
                    ATTENTION!!!
                    <div class="addToTrolleytabContainer">
                    This opening div is inside "../../ReusableObjects/UserSubscribedOrNot.jsp"
                    -->
                    <div class="pricingAndTrolleyOptions">
                    	
                                    <div class="priceTab priceTabContainer activeContainer addItem" id="addItem_95109">
                                       <div class="pricing">
                                           
	<p class="pricePerUnit">
    Â£2.60<abbr title="per">/</abbr><abbr title="unit"><span class="pricePerUnitUnit">unit</span></abbr>
</p>
 
    <p class="pricePerMeasure">Â£10.40<abbr title="per">/</abbr><abbr title="kilogram"><span class="pricePerMeasureMeasure">kg</span></abbr>
    </p>

                                       </div>                                      

                                     
                                        <div class="addToTrolleyForm "> 
                                           <!-- BEGIN AddToTrolley.jsp -->

		<form class="addToTrolleyForm" name="OrderItemAddForm_95109" action="OrderItemAdd" method="post" id="OrderItemAddForm_95109">
		    <input type="hidden" name="storeId" value="10151"><input type="hidden" name="langId" value="44"><input type="hidden" name="catalogId" value="10241"><input type="hidden" name="errorViewName" value="CategoryDisplayView"><input type="hidden" name="SKU_ID" value="7083870"><input type="hidden" name="itemType" value=""><label class="access" for="quantity_95108">Quantity</label>
		        
					<input name="quantity" id="quantity_95108" type="text" size="3" value="1" class="quantity"><input type="hidden" name="catEntryId" value="95109"><input type="hidden" name="productId" value="95108"><input type="hidden" name="URL" value="http://www.sainsburys.co.uk/webapp/wcs/stores/servlet/CategoryDisplay?msg=&amp;langId=44&amp;storeId=10151&amp;krypto=7Qkmmd4JZcE3l7%2BJLf8Krv%2FBP1QKJsNRC4onLI%2BaY0%2FuTP%2FeedcHKh2BT%2FXdSuI%2B76EQWaLUa%2FnQGG3pCW8hJkTK9NjU8Svv4h%2FeTlYgy%2FhE1H2rTb%2F6k0kc2GayYrUKZdeC3S1gXjM8%2BGf0s4SwXwhrLhoBZBoN80wYPCzuvbo%3D&amp;ddkey=http%3Agb%2Fgroceries%2Fchilled-%2Ffresh-pasta-and-sauce-fresh-pasta"><input type="hidden" name="page" value=""><input type="hidden" name="contractId" value=""><input type="hidden" name="calculateOrder" value="1"><input type="hidden" name="calculationUsage" value="-1,-2,-3"><input type="hidden" name="updateable" value="1"><input type="hidden" name="merge" value="***"><input type="hidden" name="callAjax" value="false"><input class="button process" type="submit" name="Add" value="Add">
</form>
	<!-- END AddToTrolley.jsp -->
        <div class="numberInTrolley hidden numberInTrolley_95108" id="numberInTrolley_95108">
            
        </div>
    
                                        </div>

                                        <!-- BEGIN CatalogEntryRatingsReviewsInfo.jspf --><!-- productAllowedRatingsAndReviews: true -->
    <div class="reviews">
        
            <a class="numberOfReviews" href="http://www.sainsburys.co.uk/shop/gb/groceries/fresh-pasta-and-sauce-fresh-pasta/sainsburys-pumpkin---sage-quadrotti--taste-the-difference-250g#reviews">
                <img src="http://c2.sainsburys.co.uk/wcsstore7.20.1.145/SainsburysStorefrontAssetStore/img/stars/rating-3_8.gif" alt="3.75" border="0">Â  
                Reviews (8)
            </a>
        
    </div>
<!-- END CatalogEntryRatingsReviewsInfo.jspf -->
                                   </div>
                               <!-- Start AddToSubscriptionList.jspf --><!-- Start AddToSubscriptionList.jsp --><!-- End AddToSubscriptionList.jsp --><!-- End AddToSubscriptionList.jspf -->     
                    </div>
                            
                    
    
    <div class="badges">
        <ul>
<li class="lastchild">

                        
                            <a href="/shop/gb/groceries/get-ideas/delivery-and-guides/freshness">
                        
                        
                        <img src="/wcsstore7.20.1.145/SainsburysStorefrontAssetStore/wcassets/icons/typical_life/typical_life_7days.jpg" alt="Typical life 7 days"></a>    
                        
                    </li>
                
        </ul>
</div>

                </div>     
            </div>
            <!--ThumbnailRestriction --><!-- END CatalogEntryThumbnailDisplay.jsp -->
	                            </div>
</li>
	                         

	                            <li class="gridItem" style="min-height: 477px;">
	                                <!-- BEGIN CatalogEntryThumbnailDisplay.jsp --><!-- BEGIN MerchandisingAssociationsDisplay.jsp --><!-- Start - JSP File Name:  MerchandisingAssociationsDisplay.jsp --><!-- END MerchandisingAssociationsDisplay.jsp -->
            <div class="product ">
                
                <div class="productInfo">
                    <div class="productNameAndPromotions">
                        
                                  <h3>
                                    <a href="http://www.sainsburys.co.uk/shop/gb/groceries/fresh-pasta-and-sauce-fresh-pasta/sainsburys-smokey-chorizo-tortelloni-400g">
                                        Sainsbury's Smokey Chorizo Tortelloni 400g
                                        <img src="http://c2.sainsburys.co.uk/wcsstore7.20.1.145/ExtendedSitesCatalogAssetStore/images/catalog/productImages/85/0000000230285/0000000230285_L.jpeg" alt=""></a>
                                </h3>
                              
                    </div> 
                </div>
                
                <div class="errorBanner hidden" id="error1001603"></div>
                <div class="addToTrolleytabBox">   
                    <!--addToTrolleytabBox GRID VIEW --><!-- Start UserSubscribedOrNot.jspf --><!-- Start UserSubscribedOrNot.jsp --><!-- 
			If the user is not logged in, render this opening 
			DIV adding an addtional class to fix the border top which is removed 
			and replaced by the tabs
		-->
		<div class="addToTrolleytabContainer addItemBorderTop">
	<!-- End AddToSubscriptionList.jsp --><!-- End AddSubscriptionList.jspf --><!-- 
                    ATTENTION!!!
                    <div class="addToTrolleytabContainer">
                    This opening div is inside "../../ReusableObjects/UserSubscribedOrNot.jsp"
                    -->
                    <div class="pricingAndTrolleyOptions">
                    	
                                    <div class="priceTab priceTabContainer activeContainer addItem" id="addItem_1001603">
                                       <div class="pricing">
                                           
	<p class="pricePerUnit">
    Â£2.00<abbr title="per">/</abbr><abbr title="unit"><span class="pricePerUnitUnit">unit</span></abbr>
</p>
 
    <p class="pricePerMeasure">Â£5.00<abbr title="per">/</abbr><abbr title="kilogram"><span class="pricePerMeasureMeasure">kg</span></abbr>
    </p>

                                       </div>                                      

                                     
                                        <div class="addToTrolleyForm "> 
                                           <!-- BEGIN AddToTrolley.jsp -->

		<form class="addToTrolleyForm" name="OrderItemAddForm_1001603" action="OrderItemAdd" method="post" id="OrderItemAddForm_1001603">
		    <input type="hidden" name="storeId" value="10151"><input type="hidden" name="langId" value="44"><input type="hidden" name="catalogId" value="10241"><input type="hidden" name="errorViewName" value="CategoryDisplayView"><input type="hidden" name="SKU_ID" value="7787653"><input type="hidden" name="itemType" value=""><label class="access" for="quantity_1001602">Quantity</label>
		        
					<input name="quantity" id="quantity_1001602" type="text" size="3" value="1" class="quantity"><input type="hidden" name="catEntryId" value="1001603"><input type="hidden" name="productId" value="1001602"><input type="hidden" name="URL" value="http://www.sainsburys.co.uk/webapp/wcs/stores/servlet/CategoryDisplay?msg=&amp;langId=44&amp;storeId=10151&amp;krypto=7Qkmmd4JZcE3l7%2BJLf8Krv%2FBP1QKJsNRC4onLI%2BaY0%2FuTP%2FeedcHKh2BT%2FXdSuI%2B76EQWaLUa%2FnQGG3pCW8hJkTK9NjU8Svv4h%2FeTlYgy%2FhE1H2rTb%2F6k0kc2GayYrUKZdeC3S1gXjM8%2BGf0s4SwXwhrLhoBZBoN80wYPCzuvbo%3D&amp;ddkey=http%3Agb%2Fgroceries%2Fchilled-%2Ffresh-pasta-and-sauce-fresh-pasta"><input type="hidden" name="page" value=""><input type="hidden" name="contractId" value=""><input type="hidden" name="calculateOrder" value="1"><input type="hidden" name="calculationUsage" value="-1,-2,-3"><input type="hidden" name="updateable" value="1"><input type="hidden" name="merge" value="***"><input type="hidden" name="callAjax" value="false"><input class="button process" type="submit" name="Add" value="Add">
</form>
	<!-- END AddToTrolley.jsp -->
        <div class="numberInTrolley hidden numberInTrolley_1001602" id="numberInTrolley_1001602">
            
        </div>
    
                                        </div>

                                        <!-- BEGIN CatalogEntryRatingsReviewsInfo.jspf --><!-- productAllowedRatingsAndReviews: true -->
    <div class="reviews">
        
            <a class="numberOfReviews" href="http://www.sainsburys.co.uk/shop/gb/groceries/fresh-pasta-and-sauce-fresh-pasta/sainsburys-smokey-chorizo-tortelloni-400g#reviews">
                <img src="http://c2.sainsburys.co.uk/wcsstore7.20.1.145/SainsburysStorefrontAssetStore/img/stars/rating-5_0.gif" alt="5.0" border="0">Â  
                Reviews (1)
            </a>
        
    </div>
<!-- END CatalogEntryRatingsReviewsInfo.jspf -->
                                   </div>
                               <!-- Start AddToSubscriptionList.jspf --><!-- Start AddToSubscriptionList.jsp --><!-- End AddToSubscriptionList.jsp --><!-- End AddToSubscriptionList.jspf -->     
                    </div>
                            
                    
                </div>     
            </div>
            <!--ThumbnailRestriction --><!-- END CatalogEntryThumbnailDisplay.jsp -->
	                            </div>
</li>
	                         

	                            <li class="gridItem" style="min-height: 477px;">
	                                <!-- BEGIN CatalogEntryThumbnailDisplay.jsp --><!-- BEGIN MerchandisingAssociationsDisplay.jsp --><!-- Start - JSP File Name:  MerchandisingAssociationsDisplay.jsp --><!-- END MerchandisingAssociationsDisplay.jsp -->
            <div class="product ">
                
                <div class="productInfo">
                    <div class="productNameAndPromotions">
                        
                                  <h3>
                                    <a href="http://www.sainsburys.co.uk/shop/gb/groceries/fresh-pasta-and-sauce-fresh-pasta/sainsburys-spinach---ricotta-tortelloni-400g">
                                        Sainsbury's Spinach &amp; Ricotta Tortelloni 400g
                                        <img src="http://c2.sainsburys.co.uk/wcsstore7.20.1.145/ExtendedSitesCatalogAssetStore/images/catalog/productImages/96/0000000163996/0000000163996_L.jpeg" alt=""></a>
                                </h3>
                              
                    </div> 
                </div>
                
                <div class="errorBanner hidden" id="error620875"></div>
                <div class="addToTrolleytabBox">   
                    <!--addToTrolleytabBox GRID VIEW --><!-- Start UserSubscribedOrNot.jspf --><!-- Start UserSubscribedOrNot.jsp --><!-- 
			If the user is not logged in, render this opening 
			DIV adding an addtional class to fix the border top which is removed 
			and replaced by the tabs
		-->
		<div class="addToTrolleytabContainer addItemBorderTop">
	<!-- End AddToSubscriptionList.jsp --><!-- End AddSubscriptionList.jspf --><!-- 
                    ATTENTION!!!
                    <div class="addToTrolleytabContainer">
                    This opening div is inside "../../ReusableObjects/UserSubscribedOrNot.jsp"
                    -->
                    <div class="pricingAndTrolleyOptions">
                    	
                                    <div class="priceTab priceTabContainer activeContainer addItem" id="addItem_620875">
                                       <div class="pricing">
                                           
	<p class="pricePerUnit">
    Â£2.00<abbr title="per">/</abbr><abbr title="unit"><span class="pricePerUnitUnit">unit</span></abbr>
</p>
 
    <p class="pricePerMeasure">Â£5.00<abbr title="per">/</abbr><abbr title="kilogram"><span class="pricePerMeasureMeasure">kg</span></abbr>
    </p>

                                       </div>                                      

                                     
                                        <div class="addToTrolleyForm "> 
                                           <!-- BEGIN AddToTrolley.jsp -->

		<form class="addToTrolleyForm" name="OrderItemAddForm_620875" action="OrderItemAdd" method="post" id="OrderItemAddForm_620875">
		    <input type="hidden" name="storeId" value="10151"><input type="hidden" name="langId" value="44"><input type="hidden" name="catalogId" value="10241"><input type="hidden" name="errorViewName" value="CategoryDisplayView"><input type="hidden" name="SKU_ID" value="7693911"><input type="hidden" name="itemType" value=""><label class="access" for="quantity_620874">Quantity</label>
		        
					<input name="quantity" id="quantity_620874" type="text" size="3" value="1" class="quantity"><input type="hidden" name="catEntryId" value="620875"><input type="hidden" name="productId" value="620874"><input type="hidden" name="URL" value="http://www.sainsburys.co.uk/webapp/wcs/stores/servlet/CategoryDisplay?msg=&amp;langId=44&amp;storeId=10151&amp;krypto=7Qkmmd4JZcE3l7%2BJLf8Krv%2FBP1QKJsNRC4onLI%2BaY0%2FuTP%2FeedcHKh2BT%2FXdSuI%2B76EQWaLUa%2FnQGG3pCW8hJkTK9NjU8Svv4h%2FeTlYgy%2FhE1H2rTb%2F6k0kc2GayYrUKZdeC3S1gXjM8%2BGf0s4SwXwhrLhoBZBoN80wYPCzuvbo%3D&amp;ddkey=http%3Agb%2Fgroceries%2Fchilled-%2Ffresh-pasta-and-sauce-fresh-pasta"><input type="hidden" name="page" value=""><input type="hidden" name="contractId" value=""><input type="hidden" name="calculateOrder" value="1"><input type="hidden" name="calculationUsage" value="-1,-2,-3"><input type="hidden" name="updateable" value="1"><input type="hidden" name="merge" value="***"><input type="hidden" name="callAjax" value="false"><input class="button process" type="submit" name="Add" value="Add">
</form>
	<!-- END AddToTrolley.jsp -->
        <div class="numberInTrolley hidden numberInTrolley_620874" id="numberInTrolley_620874">
            
        </div>
    
                                        </div>

                                        <!-- BEGIN CatalogEntryRatingsReviewsInfo.jspf --><!-- productAllowedRatingsAndReviews: true -->
    <div class="reviews">
        
            <a class="numberOfReviews" href="http://www.sainsburys.co.uk/shop/gb/groceries/fresh-pasta-and-sauce-fresh-pasta/sainsburys-spinach---ricotta-tortelloni-400g#reviews">
                <img src="http://c2.sainsburys.co.uk/wcsstore7.20.1.145/SainsburysStorefrontAssetStore/img/stars/rating-4_3.gif" alt="4.3333" border="0">Â  
                Reviews (3)
            </a>
        
    </div>
<!-- END CatalogEntryRatingsReviewsInfo.jspf -->
                                   </div>
                               <!-- Start AddToSubscriptionList.jspf --><!-- Start AddToSubscriptionList.jsp --><!-- End AddToSubscriptionList.jsp --><!-- End AddToSubscriptionList.jspf -->     
                    </div>
                            
                    
    
    <div class="badges">
        <ul>
<li class="lastchild">

                        
                            <a href="/shop/gb/groceries/get-ideas/delivery-and-guides/freshness">
                        
                        
                        <img src="/wcsstore7.20.1.145/SainsburysStorefrontAssetStore/wcassets/icons/typical_life/typical_life_7days.jpg" alt="Typical life 7 days"></a>    
                        
                    </li>
                
        </ul>
</div>

                </div>     
            </div>
            <!--ThumbnailRestriction --><!-- END CatalogEntryThumbnailDisplay.jsp -->
	                            </div>
</li>
	                         

	                            <li class="gridItem" style="min-height: 406px;">
	                                <!-- BEGIN CatalogEntryThumbnailDisplay.jsp --><!-- BEGIN MerchandisingAssociationsDisplay.jsp --><!-- Start - JSP File Name:  MerchandisingAssociationsDisplay.jsp --><!-- END MerchandisingAssociationsDisplay.jsp -->
            <div class="product ">
                
                <div class="productInfo">
                    <div class="productNameAndPromotions">
                        
                                  <h3>
                                    <a href="http://www.sainsburys.co.uk/shop/gb/groceries/fresh-pasta-and-sauce-fresh-pasta/sainsburys-tomato---mozzarella-tortelloni-400g">
                                        Sainsbury's Tomato &amp; Mozzarella Tortelloni 400g
                                        <img src="http://c2.sainsburys.co.uk/wcsstore7.20.1.145/ExtendedSitesCatalogAssetStore/images/catalog/productImages/91/0000000230391/0000000230391_L.jpeg" alt=""></a>
                                </h3>
                              
                    </div> 
                </div>
                
                <div class="errorBanner hidden" id="error617719"></div>
                <div class="addToTrolleytabBox">   
                    <!--addToTrolleytabBox GRID VIEW --><!-- Start UserSubscribedOrNot.jspf --><!-- Start UserSubscribedOrNot.jsp --><!-- 
			If the user is not logged in, render this opening 
			DIV adding an addtional class to fix the border top which is removed 
			and replaced by the tabs
		-->
		<div class="addToTrolleytabContainer addItemBorderTop">
	<!-- End AddToSubscriptionList.jsp --><!-- End AddSubscriptionList.jspf --><!-- 
                    ATTENTION!!!
                    <div class="addToTrolleytabContainer">
                    This opening div is inside "../../ReusableObjects/UserSubscribedOrNot.jsp"
                    -->
                    <div class="pricingAndTrolleyOptions">
                    	
                                    <div class="priceTab priceTabContainer activeContainer addItem" id="addItem_617719">
                                       <div class="pricing">
                                           
	<p class="pricePerUnit">
    Â£2.00<abbr title="per">/</abbr><abbr title="unit"><span class="pricePerUnitUnit">unit</span></abbr>
</p>
 
    <p class="pricePerMeasure">Â£5.00<abbr title="per">/</abbr><abbr title="kilogram"><span class="pricePerMeasureMeasure">kg</span></abbr>
    </p>

                                       </div>                                      

                                     
                                        <div class="addToTrolleyForm "> 
                                           <!-- BEGIN AddToTrolley.jsp -->

		<form class="addToTrolleyForm" name="OrderItemAddForm_617719" action="OrderItemAdd" method="post" id="OrderItemAddForm_617719">
		    <input type="hidden" name="storeId" value="10151"><input type="hidden" name="langId" value="44"><input type="hidden" name="catalogId" value="10241"><input type="hidden" name="errorViewName" value="CategoryDisplayView"><input type="hidden" name="SKU_ID" value="7693982"><input type="hidden" name="itemType" value=""><label class="access" for="quantity_617718">Quantity</label>
		        
					<input name="quantity" id="quantity_617718" type="text" size="3" value="1" class="quantity"><input type="hidden" name="catEntryId" value="617719"><input type="hidden" name="productId" value="617718"><input type="hidden" name="URL" value="http://www.sainsburys.co.uk/webapp/wcs/stores/servlet/CategoryDisplay?msg=&amp;langId=44&amp;storeId=10151&amp;krypto=7Qkmmd4JZcE3l7%2BJLf8Krv%2FBP1QKJsNRC4onLI%2BaY0%2FuTP%2FeedcHKh2BT%2FXdSuI%2B76EQWaLUa%2FnQGG3pCW8hJkTK9NjU8Svv4h%2FeTlYgy%2FhE1H2rTb%2F6k0kc2GayYrUKZdeC3S1gXjM8%2BGf0s4SwXwhrLhoBZBoN80wYPCzuvbo%3D&amp;ddkey=http%3Agb%2Fgroceries%2Fchilled-%2Ffresh-pasta-and-sauce-fresh-pasta"><input type="hidden" name="page" value=""><input type="hidden" name="contractId" value=""><input type="hidden" name="calculateOrder" value="1"><input type="hidden" name="calculationUsage" value="-1,-2,-3"><input type="hidden" name="updateable" value="1"><input type="hidden" name="merge" value="***"><input type="hidden" name="callAjax" value="false"><input class="button process" type="submit" name="Add" value="Add">
</form>
	<!-- END AddToTrolley.jsp -->
        <div class="numberInTrolley hidden numberInTrolley_617718" id="numberInTrolley_617718">
            
        </div>
    
                                        </div>

                                        <!-- BEGIN CatalogEntryRatingsReviewsInfo.jspf --><!-- productAllowedRatingsAndReviews: true -->
    <div class="reviews">
        
            <a class="numberOfReviews" href="http://www.sainsburys.co.uk/shop/gb/groceries/fresh-pasta-and-sauce-fresh-pasta/sainsburys-tomato---mozzarella-tortelloni-400g#reviews">
                <img src="http://c2.sainsburys.co.uk/wcsstore7.20.1.145/SainsburysStorefrontAssetStore/img/stars/rating-5_0.gif" alt="5.0" border="0">Â  
                Reviews (1)
            </a>
        
    </div>
<!-- END CatalogEntryRatingsReviewsInfo.jspf -->
                                   </div>
                               <!-- Start AddToSubscriptionList.jspf --><!-- Start AddToSubscriptionList.jsp --><!-- End AddToSubscriptionList.jsp --><!-- End AddToSubscriptionList.jspf -->     
                    </div>
                            
                    
                </div>     
            </div>
            <!--ThumbnailRestriction --><!-- END CatalogEntryThumbnailDisplay.jsp -->
	                            </div>
</li>
	                         

	                            <li class="gridItem" style="min-height: 406px;">
	                                <!-- BEGIN CatalogEntryThumbnailDisplay.jsp --><!-- BEGIN MerchandisingAssociationsDisplay.jsp --><!-- Start - JSP File Name:  MerchandisingAssociationsDisplay.jsp --><!-- END MerchandisingAssociationsDisplay.jsp -->
            <div class="product ">
                
                <div class="productInfo">
                    <div class="productNameAndPromotions">
                        
                                  <h3>
                                    <a href="http://www.sainsburys.co.uk/shop/gb/groceries/fresh-pasta-and-sauce-fresh-pasta/evexia-chickpea-fusilli-glf-300g">
                                        Evexia Chickpea Fusilli Gluten Free 300g
                                        <img src="http://c2.sainsburys.co.uk/wcsstore7.20.1.145/ExtendedSitesCatalogAssetStore/images/catalog/productImages/22/5024271111222/5024271111222_L.jpeg" alt=""></a>
                                </h3>
                              
                    </div> 
                </div>
                
                <div class="errorBanner hidden" id="error1061329"></div>
                <div class="addToTrolleytabBox">   
                    <!--addToTrolleytabBox GRID VIEW --><!-- Start UserSubscribedOrNot.jspf --><!-- Start UserSubscribedOrNot.jsp --><!-- 
			If the user is not logged in, render this opening 
			DIV adding an addtional class to fix the border top which is removed 
			and replaced by the tabs
		-->
		<div class="addToTrolleytabContainer addItemBorderTop">
	<!-- End AddToSubscriptionList.jsp --><!-- End AddSubscriptionList.jspf --><!-- 
                    ATTENTION!!!
                    <div class="addToTrolleytabContainer">
                    This opening div is inside "../../ReusableObjects/UserSubscribedOrNot.jsp"
                    -->
                    <div class="pricingAndTrolleyOptions">
                    	
                                    <div class="priceTab priceTabContainer activeContainer addItem" id="addItem_1061329">
                                       <div class="pricing">
                                           
	<p class="pricePerUnit">
    Â£2.00<abbr title="per">/</abbr><abbr title="unit"><span class="pricePerUnitUnit">unit</span></abbr>
</p>
 
    <p class="pricePerMeasure">Â£0.67<abbr title="per">/</abbr>100<abbr title="gram"><span class="pricePerMeasureMeasure">g</span></abbr>
    </p>

                                       </div>                                      

                                     
                                        <div class="addToTrolleyForm "> 
                                           <!-- BEGIN AddToTrolley.jsp -->

		<form class="addToTrolleyForm" name="OrderItemAddForm_1061329" action="OrderItemAdd" method="post" id="OrderItemAddForm_1061329">
		    <input type="hidden" name="storeId" value="10151"><input type="hidden" name="langId" value="44"><input type="hidden" name="catalogId" value="10241"><input type="hidden" name="errorViewName" value="CategoryDisplayView"><input type="hidden" name="SKU_ID" value="7821466"><input type="hidden" name="itemType" value=""><label class="access" for="quantity_1061328">Quantity</label>
		        
					<input name="quantity" id="quantity_1061328" type="text" size="3" value="1" class="quantity"><input type="hidden" name="catEntryId" value="1061329"><input type="hidden" name="productId" value="1061328"><input type="hidden" name="URL" value="http://www.sainsburys.co.uk/webapp/wcs/stores/servlet/CategoryDisplay?msg=&amp;langId=44&amp;storeId=10151&amp;krypto=7Qkmmd4JZcE3l7%2BJLf8Krv%2FBP1QKJsNRC4onLI%2BaY0%2FuTP%2FeedcHKh2BT%2FXdSuI%2B76EQWaLUa%2FnQGG3pCW8hJkTK9NjU8Svv4h%2FeTlYgy%2FhE1H2rTb%2F6k0kc2GayYrUKZdeC3S1gXjM8%2BGf0s4SwXwhrLhoBZBoN80wYPCzuvbo%3D&amp;ddkey=http%3Agb%2Fgroceries%2Fchilled-%2Ffresh-pasta-and-sauce-fresh-pasta"><input type="hidden" name="page" value=""><input type="hidden" name="contractId" value=""><input type="hidden" name="calculateOrder" value="1"><input type="hidden" name="calculationUsage" value="-1,-2,-3"><input type="hidden" name="updateable" value="1"><input type="hidden" name="merge" value="***"><input type="hidden" name="callAjax" value="false"><input class="button process" type="submit" name="Add" value="Add">
</form>
	<!-- END AddToTrolley.jsp -->
        <div class="numberInTrolley hidden numberInTrolley_1061328" id="numberInTrolley_1061328">
            
        </div>
    
                                        </div>

                                        <!-- BEGIN CatalogEntryRatingsReviewsInfo.jspf --><!-- productAllowedRatingsAndReviews: true -->
    <div class="reviews">
        
            <a class="numberOfReviews" href="http://www.sainsburys.co.uk/shop/gb/groceries/fresh-pasta-and-sauce-fresh-pasta/evexia-chickpea-fusilli-glf-300g#reviews">
                <img src="http://c2.sainsburys.co.uk/wcsstore7.20.1.145/SainsburysStorefrontAssetStore/img/stars/rating-3_7.gif" alt="3.7143" border="0">Â  
                Reviews (7)
            </a>
        
    </div>
<!-- END CatalogEntryRatingsReviewsInfo.jspf -->
                                   </div>
                               <!-- Start AddToSubscriptionList.jspf --><!-- Start AddToSubscriptionList.jsp --><!-- End AddToSubscriptionList.jsp --><!-- End AddToSubscriptionList.jspf -->     
                    </div>
                            
                    
                </div>     
            </div>
            <!--ThumbnailRestriction --><!-- END CatalogEntryThumbnailDisplay.jsp -->
	                            </div>
</li>
	                         

	                            <li class="gridItem" style="min-height: 406px;">
	                                <!-- BEGIN CatalogEntryThumbnailDisplay.jsp --><!-- BEGIN MerchandisingAssociationsDisplay.jsp --><!-- Start - JSP File Name:  MerchandisingAssociationsDisplay.jsp --><!-- END MerchandisingAssociationsDisplay.jsp -->
            <div class="product ">
                
                <div class="productInfo">
                    <div class="productNameAndPromotions">
                        
                                  <h3>
                                    <a href="http://www.sainsburys.co.uk/shop/gb/groceries/fresh-pasta-and-sauce-fresh-pasta/ugo-mozzarella-tortelloni-gluten-free-250g">
                                        Evexia Mozzarella Tortelloni Gluten Free 250g
                                        <img src="http://c2.sainsburys.co.uk/wcsstore7.20.1.145/ExtendedSitesCatalogAssetStore/images/catalog/productImages/73/5024271111673/5024271111673_L.jpeg" alt=""></a>
                                </h3>
                              
                    </div> 
                </div>
                
                <div class="errorBanner hidden" id="error1061331"></div>
                <div class="addToTrolleytabBox">   
                    <!--addToTrolleytabBox GRID VIEW --><!-- Start UserSubscribedOrNot.jspf --><!-- Start UserSubscribedOrNot.jsp --><!-- 
			If the user is not logged in, render this opening 
			DIV adding an addtional class to fix the border top which is removed 
			and replaced by the tabs
		-->
		<div class="addToTrolleytabContainer addItemBorderTop">
	<!-- End AddToSubscriptionList.jsp --><!-- End AddSubscriptionList.jspf --><!-- 
                    ATTENTION!!!
                    <div class="addToTrolleytabContainer">
                    This opening div is inside "../../ReusableObjects/UserSubscribedOrNot.jsp"
                    -->
                    <div class="pricingAndTrolleyOptions">
                    	
                                    <div class="priceTab priceTabContainer activeContainer addItem" id="addItem_1061331">
                                       <div class="pricing">
                                           
	<p class="pricePerUnit">
    Â£2.50<abbr title="per">/</abbr><abbr title="unit"><span class="pricePerUnitUnit">unit</span></abbr>
</p>
 
    <p class="pricePerMeasure">Â£1.00<abbr title="per">/</abbr>100<abbr title="gram"><span class="pricePerMeasureMeasure">g</span></abbr>
    </p>

                                       </div>                                      

                                     
                                        <div class="addToTrolleyForm "> 
                                           <!-- BEGIN AddToTrolley.jsp -->

		<form class="addToTrolleyForm" name="OrderItemAddForm_1061331" action="OrderItemAdd" method="post" id="OrderItemAddForm_1061331">
		    <input type="hidden" name="storeId" value="10151"><input type="hidden" name="langId" value="44"><input type="hidden" name="catalogId" value="10241"><input type="hidden" name="errorViewName" value="CategoryDisplayView"><input type="hidden" name="SKU_ID" value="7821470"><input type="hidden" name="itemType" value=""><label class="access" for="quantity_1061330">Quantity</label>
		        
					<input name="quantity" id="quantity_1061330" type="text" size="3" value="1" class="quantity"><input type="hidden" name="catEntryId" value="1061331"><input type="hidden" name="productId" value="1061330"><input type="hidden" name="URL" value="http://www.sainsburys.co.uk/webapp/wcs/stores/servlet/CategoryDisplay?msg=&amp;langId=44&amp;storeId=10151&amp;krypto=7Qkmmd4JZcE3l7%2BJLf8Krv%2FBP1QKJsNRC4onLI%2BaY0%2FuTP%2FeedcHKh2BT%2FXdSuI%2B76EQWaLUa%2FnQGG3pCW8hJkTK9NjU8Svv4h%2FeTlYgy%2FhE1H2rTb%2F6k0kc2GayYrUKZdeC3S1gXjM8%2BGf0s4SwXwhrLhoBZBoN80wYPCzuvbo%3D&amp;ddkey=http%3Agb%2Fgroceries%2Fchilled-%2Ffresh-pasta-and-sauce-fresh-pasta"><input type="hidden" name="page" value=""><input type="hidden" name="contractId" value=""><input type="hidden" name="calculateOrder" value="1"><input type="hidden" name="calculationUsage" value="-1,-2,-3"><input type="hidden" name="updateable" value="1"><input type="hidden" name="merge" value="***"><input type="hidden" name="callAjax" value="false"><input class="button process" type="submit" name="Add" value="Add">
</form>
	<!-- END AddToTrolley.jsp -->
        <div class="numberInTrolley hidden numberInTrolley_1061330" id="numberInTrolley_1061330">
            
        </div>
    
                                        </div>

                                        <!-- BEGIN CatalogEntryRatingsReviewsInfo.jspf --><!-- productAllowedRatingsAndReviews: true -->
    <div class="reviews">
        
            <a class="numberOfReviews" href="http://www.sainsburys.co.uk/shop/gb/groceries/fresh-pasta-and-sauce-fresh-pasta/ugo-mozzarella-tortelloni-gluten-free-250g#reviews">
                <img src="http://c2.sainsburys.co.uk/wcsstore7.20.1.145/SainsburysStorefrontAssetStore/img/stars/rating-1_7.gif" alt="1.7" border="0">Â  
                Reviews (10)
            </a>
        
    </div>
<!-- END CatalogEntryRatingsReviewsInfo.jspf -->
                                   </div>
                               <!-- Start AddToSubscriptionList.jspf --><!-- Start AddToSubscriptionList.jsp --><!-- End AddToSubscriptionList.jsp --><!-- End AddToSubscriptionList.jspf -->     
                    </div>
                            
                    
                </div>     
            </div>
            <!--ThumbnailRestriction --><!-- END CatalogEntryThumbnailDisplay.jsp -->
	                            </div>
</li>
	                         

	                            <li class="gridItem" style="min-height: 477px;">
	                                <!-- BEGIN CatalogEntryThumbnailDisplay.jsp --><!-- BEGIN MerchandisingAssociationsDisplay.jsp --><!-- Start - JSP File Name:  MerchandisingAssociationsDisplay.jsp --><!-- END MerchandisingAssociationsDisplay.jsp -->
            <div class="product ">
                
                <div class="productInfo">
                    <div class="productNameAndPromotions">
                        
                                  <h3>
                                    <a href="http://www.sainsburys.co.uk/shop/gb/groceries/fresh-pasta-and-sauce-fresh-pasta/ugo-ricotta-spinach-tortelloni-gluten-free-250g">
                                        Evexia Ricotta Spinach Tortelloni Gluten Free 250g
                                        <img src="http://c2.sainsburys.co.uk/wcsstore7.20.1.145/ExtendedSitesCatalogAssetStore/images/catalog/productImages/66/5024271111666/5024271111666_L.jpeg" alt=""></a>
                                </h3>
                              
                    </div> 
                </div>
                
                <div class="errorBanner hidden" id="error1061327"></div>
                <div class="addToTrolleytabBox">   
                    <!--addToTrolleytabBox GRID VIEW --><!-- Start UserSubscribedOrNot.jspf --><!-- Start UserSubscribedOrNot.jsp --><!-- 
			If the user is not logged in, render this opening 
			DIV adding an addtional class to fix the border top which is removed 
			and replaced by the tabs
		-->
		<div class="addToTrolleytabContainer addItemBorderTop">
	<!-- End AddToSubscriptionList.jsp --><!-- End AddSubscriptionList.jspf --><!-- 
                    ATTENTION!!!
                    <div class="addToTrolleytabContainer">
                    This opening div is inside "../../ReusableObjects/UserSubscribedOrNot.jsp"
                    -->
                    <div class="pricingAndTrolleyOptions">
                    	
                                    <div class="priceTab priceTabContainer activeContainer addItem" id="addItem_1061327">
                                       <div class="pricing">
                                           
	<p class="pricePerUnit">
    Â£2.50<abbr title="per">/</abbr><abbr title="unit"><span class="pricePerUnitUnit">unit</span></abbr>
</p>
 
    <p class="pricePerMeasure">Â£1.00<abbr title="per">/</abbr>100<abbr title="gram"><span class="pricePerMeasureMeasure">g</span></abbr>
    </p>

                                       </div>                                      

                                     
                                        <div class="addToTrolleyForm "> 
                                           <!-- BEGIN AddToTrolley.jsp -->

		<form class="addToTrolleyForm" name="OrderItemAddForm_1061327" action="OrderItemAdd" method="post" id="OrderItemAddForm_1061327">
		    <input type="hidden" name="storeId" value="10151"><input type="hidden" name="langId" value="44"><input type="hidden" name="catalogId" value="10241"><input type="hidden" name="errorViewName" value="CategoryDisplayView"><input type="hidden" name="SKU_ID" value="7821457"><input type="hidden" name="itemType" value=""><label class="access" for="quantity_1061326">Quantity</label>
		        
					<input name="quantity" id="quantity_1061326" type="text" size="3" value="1" class="quantity"><input type="hidden" name="catEntryId" value="1061327"><input type="hidden" name="productId" value="1061326"><input type="hidden" name="URL" value="http://www.sainsburys.co.uk/webapp/wcs/stores/servlet/CategoryDisplay?msg=&amp;langId=44&amp;storeId=10151&amp;krypto=7Qkmmd4JZcE3l7%2BJLf8Krv%2FBP1QKJsNRC4onLI%2BaY0%2FuTP%2FeedcHKh2BT%2FXdSuI%2B76EQWaLUa%2FnQGG3pCW8hJkTK9NjU8Svv4h%2FeTlYgy%2FhE1H2rTb%2F6k0kc2GayYrUKZdeC3S1gXjM8%2BGf0s4SwXwhrLhoBZBoN80wYPCzuvbo%3D&amp;ddkey=http%3Agb%2Fgroceries%2Fchilled-%2Ffresh-pasta-and-sauce-fresh-pasta"><input type="hidden" name="page" value=""><input type="hidden" name="contractId" value=""><input type="hidden" name="calculateOrder" value="1"><input type="hidden" name="calculationUsage" value="-1,-2,-3"><input type="hidden" name="updateable" value="1"><input type="hidden" name="merge" value="***"><input type="hidden" name="callAjax" value="false"><input class="button process" type="submit" name="Add" value="Add">
</form>
	<!-- END AddToTrolley.jsp -->
        <div class="numberInTrolley hidden numberInTrolley_1061326" id="numberInTrolley_1061326">
            
        </div>
    
                                        </div>

                                        <!-- BEGIN CatalogEntryRatingsReviewsInfo.jspf --><!-- productAllowedRatingsAndReviews: true -->
    <div class="reviews">
        
            <a class="numberOfReviews" href="http://www.sainsburys.co.uk/shop/gb/groceries/fresh-pasta-and-sauce-fresh-pasta/ugo-ricotta-spinach-tortelloni-gluten-free-250g#reviews">
                <img src="http://c2.sainsburys.co.uk/wcsstore7.20.1.145/SainsburysStorefrontAssetStore/img/stars/rating-3_0.gif" alt="3.0" border="0">Â  
                Reviews (6)
            </a>
        
    </div>
<!-- END CatalogEntryRatingsReviewsInfo.jspf -->
                                   </div>
                               <!-- Start AddToSubscriptionList.jspf --><!-- Start AddToSubscriptionList.jsp --><!-- End AddToSubscriptionList.jsp --><!-- End AddToSubscriptionList.jspf -->     
                    </div>
                            
                    
                </div>     
            </div>
            <!--ThumbnailRestriction --><!-- END CatalogEntryThumbnailDisplay.jsp -->
	                            </div>
</li>
	                         

	                            <li class="gridItem" style="min-height: 477px;">
	                                <!-- BEGIN CatalogEntryThumbnailDisplay.jsp --><!-- BEGIN MerchandisingAssociationsDisplay.jsp --><!-- Start - JSP File Name:  MerchandisingAssociationsDisplay.jsp --><!-- END MerchandisingAssociationsDisplay.jsp -->
            <div class="product ">
                
                <div class="productInfo">
                    <div class="productNameAndPromotions">
                        
                                  <h3>
                                    <a href="http://www.sainsburys.co.uk/shop/gb/groceries/fresh-pasta-and-sauce-fresh-pasta/giovanni-rana-chicken-mozzarella-pancetta-ravioli-250g">
                                        Giovanni Rana Chicken, Mozzarella &amp; Pancetta Ravioli 250g
                                        <img src="http://c2.sainsburys.co.uk/wcsstore7.20.1.145/ExtendedSitesCatalogAssetStore/images/catalog/productImages/45/8001665700245/8001665700245_L.jpeg" alt=""></a>
                                </h3>
                              
                    </div> 
                </div>
                
                <div class="errorBanner hidden" id="error496957"></div>
                <div class="addToTrolleytabBox">   
                    <!--addToTrolleytabBox GRID VIEW --><!-- Start UserSubscribedOrNot.jspf --><!-- Start UserSubscribedOrNot.jsp --><!-- 
			If the user is not logged in, render this opening 
			DIV adding an addtional class to fix the border top which is removed 
			and replaced by the tabs
		-->
		<div class="addToTrolleytabContainer addItemBorderTop">
	<!-- End AddToSubscriptionList.jsp --><!-- End AddSubscriptionList.jspf --><!-- 
                    ATTENTION!!!
                    <div class="addToTrolleytabContainer">
                    This opening div is inside "../../ReusableObjects/UserSubscribedOrNot.jsp"
                    -->
                    <div class="pricingAndTrolleyOptions">
                    	
                                    <div class="priceTab priceTabContainer activeContainer addItem" id="addItem_496957">
                                       <div class="pricing">
                                           
	<p class="pricePerUnit">
    Â£2.00<abbr title="per">/</abbr><abbr title="unit"><span class="pricePerUnitUnit">unit</span></abbr>
</p>
 
    <p class="pricePerMeasure">Â£8.00<abbr title="per">/</abbr><abbr title="kilogram"><span class="pricePerMeasureMeasure">kg</span></abbr>
    </p>

                                       </div>                                      

                                     
                                        <div class="addToTrolleyForm "> 
                                           <!-- BEGIN AddToTrolley.jsp -->

		<form class="addToTrolleyForm" name="OrderItemAddForm_496957" action="OrderItemAdd" method="post" id="OrderItemAddForm_496957">
		    <input type="hidden" name="storeId" value="10151"><input type="hidden" name="langId" value="44"><input type="hidden" name="catalogId" value="10241"><input type="hidden" name="errorViewName" value="CategoryDisplayView"><input type="hidden" name="SKU_ID" value="7662415"><input type="hidden" name="itemType" value=""><label class="access" for="quantity_496956">Quantity</label>
		        
					<input name="quantity" id="quantity_496956" type="text" size="3" value="1" class="quantity"><input type="hidden" name="catEntryId" value="496957"><input type="hidden" name="productId" value="496956"><input type="hidden" name="URL" value="http://www.sainsburys.co.uk/webapp/wcs/stores/servlet/CategoryDisplay?msg=&amp;langId=44&amp;storeId=10151&amp;krypto=7Qkmmd4JZcE3l7%2BJLf8Krv%2FBP1QKJsNRC4onLI%2BaY0%2FuTP%2FeedcHKh2BT%2FXdSuI%2B76EQWaLUa%2FnQGG3pCW8hJkTK9NjU8Svv4h%2FeTlYgy%2FhE1H2rTb%2F6k0kc2GayYrUKZdeC3S1gXjM8%2BGf0s4SwXwhrLhoBZBoN80wYPCzuvbo%3D&amp;ddkey=http%3Agb%2Fgroceries%2Fchilled-%2Ffresh-pasta-and-sauce-fresh-pasta"><input type="hidden" name="page" value=""><input type="hidden" name="contractId" value=""><input type="hidden" name="calculateOrder" value="1"><input type="hidden" name="calculationUsage" value="-1,-2,-3"><input type="hidden" name="updateable" value="1"><input type="hidden" name="merge" value="***"><input type="hidden" name="callAjax" value="false"><input class="button process" type="submit" name="Add" value="Add">
</form>
	<!-- END AddToTrolley.jsp -->
        <div class="numberInTrolley hidden numberInTrolley_496956" id="numberInTrolley_496956">
            
        </div>
    
                                        </div>

                                        <!-- BEGIN CatalogEntryRatingsReviewsInfo.jspf --><!-- productAllowedRatingsAndReviews: true -->
    <div class="reviews">
        
            <a class="numberOfReviews" href="http://www.sainsburys.co.uk/shop/gb/groceries/fresh-pasta-and-sauce-fresh-pasta/giovanni-rana-chicken-mozzarella-pancetta-ravioli-250g#reviews">
                <img src="http://c2.sainsburys.co.uk/wcsstore7.20.1.145/SainsburysStorefrontAssetStore/img/stars/rating-4_8.gif" alt="4.7778" border="0">Â  
                Reviews (9)
            </a>
        
    </div>
<!-- END CatalogEntryRatingsReviewsInfo.jspf -->
                                   </div>
                               <!-- Start AddToSubscriptionList.jspf --><!-- Start AddToSubscriptionList.jsp --><!-- End AddToSubscriptionList.jsp --><!-- End AddToSubscriptionList.jspf -->     
                    </div>
                            
                    
    
    <div class="badges">
        <ul>
<li class="lastchild">

                        
                            <a href="/shop/gb/groceries/get-ideas/delivery-and-guides/freshness">
                        
                        
                        <img src="/wcsstore7.20.1.145/SainsburysStorefrontAssetStore/wcassets/icons/typical_life/typical_life_7days.jpg" alt="Typical life 7 days"></a>    
                        
                    </li>
                
        </ul>
</div>

                </div>     
            </div>
            <!--ThumbnailRestriction --><!-- END CatalogEntryThumbnailDisplay.jsp -->
	                            </div>
</li>
	                         

	                            <li class="gridItem" style="min-height: 477px;">
	                                <!-- BEGIN CatalogEntryThumbnailDisplay.jsp --><!-- BEGIN MerchandisingAssociationsDisplay.jsp --><!-- Start - JSP File Name:  MerchandisingAssociationsDisplay.jsp --><!-- END MerchandisingAssociationsDisplay.jsp -->
            <div class="product ">
                
                <div class="productInfo">
                    <div class="productNameAndPromotions">
                        
                                  <h3>
                                    <a href="http://www.sainsburys.co.uk/shop/gb/groceries/fresh-pasta-and-sauce-fresh-pasta/giovanni-rana-cured-ham---cheese-torteloni-250g">
                                        Giovanni Rana Cured Ham &amp; Cheese Tortelloni 250g
                                        <img src="http://c2.sainsburys.co.uk/wcsstore7.20.1.145/ExtendedSitesCatalogAssetStore/images/catalog/productImages/14/8001665700214/8001665700214_L.jpeg" alt=""></a>
                                </h3>
                              
                    </div> 
                </div>
                
                <div class="errorBanner hidden" id="error496931"></div>
                <div class="addToTrolleytabBox">   
                    <!--addToTrolleytabBox GRID VIEW --><!-- Start UserSubscribedOrNot.jspf --><!-- Start UserSubscribedOrNot.jsp --><!-- 
			If the user is not logged in, render this opening 
			DIV adding an addtional class to fix the border top which is removed 
			and replaced by the tabs
		-->
		<div class="addToTrolleytabContainer addItemBorderTop">
	<!-- End AddToSubscriptionList.jsp --><!-- End AddSubscriptionList.jspf --><!-- 
                    ATTENTION!!!
                    <div class="addToTrolleytabContainer">
                    This opening div is inside "../../ReusableObjects/UserSubscribedOrNot.jsp"
                    -->
                    <div class="pricingAndTrolleyOptions">
                    	
                                    <div class="priceTab priceTabContainer activeContainer addItem" id="addItem_496931">
                                       <div class="pricing">
                                           
	<p class="pricePerUnit">
    Â£2.00<abbr title="per">/</abbr><abbr title="unit"><span class="pricePerUnitUnit">unit</span></abbr>
</p>
 
    <p class="pricePerMeasure">Â£8.00<abbr title="per">/</abbr><abbr title="kilogram"><span class="pricePerMeasureMeasure">kg</span></abbr>
    </p>

                                       </div>                                      

                                     
                                        <div class="addToTrolleyForm "> 
                                           <!-- BEGIN AddToTrolley.jsp -->

		<form class="addToTrolleyForm" name="OrderItemAddForm_496931" action="OrderItemAdd" method="post" id="OrderItemAddForm_496931">
		    <input type="hidden" name="storeId" value="10151"><input type="hidden" name="langId" value="44"><input type="hidden" name="catalogId" value="10241"><input type="hidden" name="errorViewName" value="CategoryDisplayView"><input type="hidden" name="SKU_ID" value="7662382"><input type="hidden" name="itemType" value=""><label class="access" for="quantity_496930">Quantity</label>
		        
					<input name="quantity" id="quantity_496930" type="text" size="3" value="1" class="quantity"><input type="hidden" name="catEntryId" value="496931"><input type="hidden" name="productId" value="496930"><input type="hidden" name="URL" value="http://www.sainsburys.co.uk/webapp/wcs/stores/servlet/CategoryDisplay?msg=&amp;langId=44&amp;storeId=10151&amp;krypto=7Qkmmd4JZcE3l7%2BJLf8Krv%2FBP1QKJsNRC4onLI%2BaY0%2FuTP%2FeedcHKh2BT%2FXdSuI%2B76EQWaLUa%2FnQGG3pCW8hJkTK9NjU8Svv4h%2FeTlYgy%2FhE1H2rTb%2F6k0kc2GayYrUKZdeC3S1gXjM8%2BGf0s4SwXwhrLhoBZBoN80wYPCzuvbo%3D&amp;ddkey=http%3Agb%2Fgroceries%2Fchilled-%2Ffresh-pasta-and-sauce-fresh-pasta"><input type="hidden" name="page" value=""><input type="hidden" name="contractId" value=""><input type="hidden" name="calculateOrder" value="1"><input type="hidden" name="calculationUsage" value="-1,-2,-3"><input type="hidden" name="updateable" value="1"><input type="hidden" name="merge" value="***"><input type="hidden" name="callAjax" value="false"><input class="button process" type="submit" name="Add" value="Add">
</form>
	<!-- END AddToTrolley.jsp -->
        <div class="numberInTrolley hidden numberInTrolley_496930" id="numberInTrolley_496930">
            
        </div>
    
                                        </div>

                                        <!-- BEGIN CatalogEntryRatingsReviewsInfo.jspf --><!-- productAllowedRatingsAndReviews: true -->
    <div class="reviews">
        
            <a class="numberOfReviews" href="http://www.sainsburys.co.uk/shop/gb/groceries/fresh-pasta-and-sauce-fresh-pasta/giovanni-rana-cured-ham---cheese-torteloni-250g#reviews">
                <img src="http://c2.sainsburys.co.uk/wcsstore7.20.1.145/SainsburysStorefrontAssetStore/img/stars/rating-2_6.gif" alt="2.5833" border="0">Â  
                Reviews (12)
            </a>
        
    </div>
<!-- END CatalogEntryRatingsReviewsInfo.jspf -->
                                   </div>
                               <!-- Start AddToSubscriptionList.jspf --><!-- Start AddToSubscriptionList.jsp --><!-- End AddToSubscriptionList.jsp --><!-- End AddToSubscriptionList.jspf -->     
                    </div>
                            
                    
    
    <div class="badges">
        <ul>
<li class="lastchild">

                        
                            <a href="/shop/gb/groceries/get-ideas/delivery-and-guides/freshness">
                        
                        
                        <img src="/wcsstore7.20.1.145/SainsburysStorefrontAssetStore/wcassets/icons/typical_life/typical_life_7days.jpg" alt="Typical life 7 days"></a>    
                        
                    </li>
                
        </ul>
</div>

                </div>     
            </div>
            <!--ThumbnailRestriction --><!-- END CatalogEntryThumbnailDisplay.jsp -->
	                            </div>
</li>
	                         

	                            <li class="gridItem" style="min-height: 521px;">
	                                <!-- BEGIN CatalogEntryThumbnailDisplay.jsp --><!-- BEGIN MerchandisingAssociationsDisplay.jsp --><!-- Start - JSP File Name:  MerchandisingAssociationsDisplay.jsp --><!-- END MerchandisingAssociationsDisplay.jsp -->
            <div class="product  highlighted specialOffer straplineRow">
                
                <div class="productInfo">
                    <div class="productNameAndPromotions">
                        
                                  <h3>
                                    <a href="http://www.sainsburys.co.uk/shop/gb/groceries/fresh-pasta-and-sauce-fresh-pasta/giovanni-rana-large-ravioli--chicken---rosemary-250g">
                                        Giovanni Rana Large Ravioli, Chicken &amp; Rosemary 250g
                                        <img src="http://c2.sainsburys.co.uk/wcsstore7.20.1.145/ExtendedSitesCatalogAssetStore/images/catalog/productImages/83/8001665700283/8001665700283_L.jpeg" alt=""></a>
                                </h3>
                              
    <div class="promotion">
                   
		            <p><a href="http://www.sainsburys.co.uk/shop/PromotionDisplayView?catalogId=10254&amp;langId=44&amp;productId=511804&amp;storeId=10151&amp;promotionId=10229828"><!-- BEGIN include/PromotionStrapline.jspf -->Only Â£2.00: Save 45p<br><!-- FINISH include/PromotionStrapline.jspf --></a></p>
		                        
    </div>

                    </div> 
                </div>
                
        <div class="strapline"><a href="http://www.sainsburys.co.uk/shop/PromotionDisplayView?catalogId=10254&amp;langId=44&amp;productId=511804&amp;storeId=10151&amp;promotionId=10229828"><img src="/wcsstore7.20.1.145/SainsburysStorefrontAssetStore/wcassets/icons/special/img-special-offer.png" alt="Special Offer"></a></div>
    
                <div class="errorBanner hidden" id="error511805"></div>
                <div class="addToTrolleytabBox">   
                    <!--addToTrolleytabBox GRID VIEW --><!-- Start UserSubscribedOrNot.jspf --><!-- Start UserSubscribedOrNot.jsp --><!-- 
			If the user is not logged in, render this opening 
			DIV adding an addtional class to fix the border top which is removed 
			and replaced by the tabs
		-->
		<div class="addToTrolleytabContainer addItemBorderTop">
	<!-- End AddToSubscriptionList.jsp --><!-- End AddSubscriptionList.jspf --><!-- 
                    ATTENTION!!!
                    <div class="addToTrolleytabContainer">
                    This opening div is inside "../../ReusableObjects/UserSubscribedOrNot.jsp"
                    -->
                    <div class="pricingAndTrolleyOptions">
                    	
                                    <div class="priceTab priceTabContainer activeContainer addItem" id="addItem_511805">
                                       <div class="pricing">
                                           
	<p class="pricePerUnit">
    Â£2.00<abbr title="per">/</abbr><abbr title="unit"><span class="pricePerUnitUnit">unit</span></abbr>
</p>
 
    <p class="pricePerMeasure">Â£8.00<abbr title="per">/</abbr><abbr title="kilogram"><span class="pricePerMeasureMeasure">kg</span></abbr>
    </p>

                                       </div>                                      

                                     
                                        <div class="addToTrolleyForm "> 
                                           <!-- BEGIN AddToTrolley.jsp -->

		<form class="addToTrolleyForm" name="OrderItemAddForm_511805" action="OrderItemAdd" method="post" id="OrderItemAddForm_511805">
		    <input type="hidden" name="storeId" value="10151"><input type="hidden" name="langId" value="44"><input type="hidden" name="catalogId" value="10241"><input type="hidden" name="errorViewName" value="CategoryDisplayView"><input type="hidden" name="SKU_ID" value="7662062"><input type="hidden" name="itemType" value=""><label class="access" for="quantity_511804">Quantity</label>
		        
					<input name="quantity" id="quantity_511804" type="text" size="3" value="1" class="quantity"><input type="hidden" name="catEntryId" value="511805"><input type="hidden" name="productId" value="511804"><input type="hidden" name="URL" value="http://www.sainsburys.co.uk/webapp/wcs/stores/servlet/CategoryDisplay?msg=&amp;langId=44&amp;storeId=10151&amp;krypto=7Qkmmd4JZcE3l7%2BJLf8Krv%2FBP1QKJsNRC4onLI%2BaY0%2FuTP%2FeedcHKh2BT%2FXdSuI%2B76EQWaLUa%2FnQGG3pCW8hJkTK9NjU8Svv4h%2FeTlYgy%2FhE1H2rTb%2F6k0kc2GayYrUKZdeC3S1gXjM8%2BGf0s4SwXwhrLhoBZBoN80wYPCzuvbo%3D&amp;ddkey=http%3Agb%2Fgroceries%2Fchilled-%2Ffresh-pasta-and-sauce-fresh-pasta"><input type="hidden" name="page" value=""><input type="hidden" name="contractId" value=""><input type="hidden" name="calculateOrder" value="1"><input type="hidden" name="calculationUsage" value="-1,-2,-3"><input type="hidden" name="updateable" value="1"><input type="hidden" name="merge" value="***"><input type="hidden" name="callAjax" value="false"><input class="button process" type="submit" name="Add" value="Add">
</form>
	<!-- END AddToTrolley.jsp -->
        <div class="numberInTrolley hidden numberInTrolley_511804" id="numberInTrolley_511804">
            
        </div>
    
                                        </div>

                                        <!-- BEGIN CatalogEntryRatingsReviewsInfo.jspf --><!-- productAllowedRatingsAndReviews: true -->
    <div class="reviews">
        
            <a class="numberOfReviews" href="http://www.sainsburys.co.uk/shop/gb/groceries/fresh-pasta-and-sauce-fresh-pasta/giovanni-rana-large-ravioli--chicken---rosemary-250g#reviews">
                <img src="http://c2.sainsburys.co.uk/wcsstore7.20.1.145/SainsburysStorefrontAssetStore/img/stars/rating-4_0.gif" alt="4.0" border="0">Â  
                Reviews (4)
            </a>
        
    </div>
<!-- END CatalogEntryRatingsReviewsInfo.jspf -->
                                   </div>
                               <!-- Start AddToSubscriptionList.jspf --><!-- Start AddToSubscriptionList.jsp --><!-- End AddToSubscriptionList.jsp --><!-- End AddToSubscriptionList.jspf -->     
                    </div>
                            
                    
    
    <div class="badges">
        <ul>
<li class="lastchild">

                        
                            <a href="/shop/gb/groceries/get-ideas/delivery-and-guides/freshness">
                        
                        
                        <img src="/wcsstore7.20.1.145/SainsburysStorefrontAssetStore/wcassets/icons/typical_life/typical_life_7days.jpg" alt="Typical life 7 days"></a>    
                        
                    </li>
                
        </ul>
</div>

                </div>     
            </div>
            <!--ThumbnailRestriction --><!-- END CatalogEntryThumbnailDisplay.jsp -->
	                            </div>
</li>
	                         

	                            <li class="gridItem" style="min-height: 521px;">
	                                <!-- BEGIN CatalogEntryThumbnailDisplay.jsp --><!-- BEGIN MerchandisingAssociationsDisplay.jsp --><!-- Start - JSP File Name:  MerchandisingAssociationsDisplay.jsp --><!-- END MerchandisingAssociationsDisplay.jsp -->
            <div class="product  highlighted specialOffer straplineRow">
                
                <div class="productInfo">
                    <div class="productNameAndPromotions">
                        
                                  <h3>
                                    <a href="http://www.sainsburys.co.uk/shop/gb/groceries/fresh-pasta-and-sauce-fresh-pasta/giovanni-rana-ricotta-spinich---mascarpone-ravioli-250g">
                                        Giovanni Rana Large Ravioli, Ricotta Spinach &amp; Mascarpone 250g
                                        <img src="http://c2.sainsburys.co.uk/wcsstore7.20.1.145/ExtendedSitesCatalogAssetStore/images/catalog/productImages/69/8001665700269/8001665700269_L.jpeg" alt=""></a>
                                </h3>
                              
    <div class="promotion">
                   
		            <p><a href="http://www.sainsburys.co.uk/shop/PromotionDisplayView?catalogId=10204&amp;langId=44&amp;productId=511802&amp;storeId=10151&amp;promotionId=10229828"><!-- BEGIN include/PromotionStrapline.jspf -->Only Â£2.00: Save 45p<br><!-- FINISH include/PromotionStrapline.jspf --></a></p>
		                        
    </div>

                    </div> 
                </div>
                
        <div class="strapline"><a href="http://www.sainsburys.co.uk/shop/PromotionDisplayView?catalogId=10204&amp;langId=44&amp;productId=511802&amp;storeId=10151&amp;promotionId=10229828"><img src="/wcsstore7.20.1.145/SainsburysStorefrontAssetStore/wcassets/icons/special/img-special-offer.png" alt="Special Offer"></a></div>
    
                <div class="errorBanner hidden" id="error511803"></div>
                <div class="addToTrolleytabBox">   
                    <!--addToTrolleytabBox GRID VIEW --><!-- Start UserSubscribedOrNot.jspf --><!-- Start UserSubscribedOrNot.jsp --><!-- 
			If the user is not logged in, render this opening 
			DIV adding an addtional class to fix the border top which is removed 
			and replaced by the tabs
		-->
		<div class="addToTrolleytabContainer addItemBorderTop">
	<!-- End AddToSubscriptionList.jsp --><!-- End AddSubscriptionList.jspf --><!-- 
                    ATTENTION!!!
                    <div class="addToTrolleytabContainer">
                    This opening div is inside "../../ReusableObjects/UserSubscribedOrNot.jsp"
                    -->
                    <div class="pricingAndTrolleyOptions">
                    	
                                    <div class="priceTab priceTabContainer activeContainer addItem" id="addItem_511803">
                                       <div class="pricing">
                                           
	<p class="pricePerUnit">
    Â£2.00<abbr title="per">/</abbr><abbr title="unit"><span class="pricePerUnitUnit">unit</span></abbr>
</p>
 
    <p class="pricePerMeasure">Â£8.00<abbr title="per">/</abbr><abbr title="kilogram"><span class="pricePerMeasureMeasure">kg</span></abbr>
    </p>

                                       </div>                                      

                                     
                                        <div class="addToTrolleyForm "> 
                                           <!-- BEGIN AddToTrolley.jsp -->

		<form class="addToTrolleyForm" name="OrderItemAddForm_511803" action="OrderItemAdd" method="post" id="OrderItemAddForm_511803">
		    <input type="hidden" name="storeId" value="10151"><input type="hidden" name="langId" value="44"><input type="hidden" name="catalogId" value="10241"><input type="hidden" name="errorViewName" value="CategoryDisplayView"><input type="hidden" name="SKU_ID" value="7662045"><input type="hidden" name="itemType" value=""><label class="access" for="quantity_511802">Quantity</label>
		        
					<input name="quantity" id="quantity_511802" type="text" size="3" value="1" class="quantity"><input type="hidden" name="catEntryId" value="511803"><input type="hidden" name="productId" value="511802"><input type="hidden" name="URL" value="http://www.sainsburys.co.uk/webapp/wcs/stores/servlet/CategoryDisplay?msg=&amp;langId=44&amp;storeId=10151&amp;krypto=7Qkmmd4JZcE3l7%2BJLf8Krv%2FBP1QKJsNRC4onLI%2BaY0%2FuTP%2FeedcHKh2BT%2FXdSuI%2B76EQWaLUa%2FnQGG3pCW8hJkTK9NjU8Svv4h%2FeTlYgy%2FhE1H2rTb%2F6k0kc2GayYrUKZdeC3S1gXjM8%2BGf0s4SwXwhrLhoBZBoN80wYPCzuvbo%3D&amp;ddkey=http%3Agb%2Fgroceries%2Fchilled-%2Ffresh-pasta-and-sauce-fresh-pasta"><input type="hidden" name="page" value=""><input type="hidden" name="contractId" value=""><input type="hidden" name="calculateOrder" value="1"><input type="hidden" name="calculationUsage" value="-1,-2,-3"><input type="hidden" name="updateable" value="1"><input type="hidden" name="merge" value="***"><input type="hidden" name="callAjax" value="false"><input class="button process" type="submit" name="Add" value="Add">
</form>
	<!-- END AddToTrolley.jsp -->
        <div class="numberInTrolley hidden numberInTrolley_511802" id="numberInTrolley_511802">
            
        </div>
    
                                        </div>

                                        <!-- BEGIN CatalogEntryRatingsReviewsInfo.jspf --><!-- productAllowedRatingsAndReviews: true -->
    <div class="reviews">
        
            <a class="numberOfReviews" href="http://www.sainsburys.co.uk/shop/gb/groceries/fresh-pasta-and-sauce-fresh-pasta/giovanni-rana-ricotta-spinich---mascarpone-ravioli-250g#reviews">
                <img src="http://c2.sainsburys.co.uk/wcsstore7.20.1.145/SainsburysStorefrontAssetStore/img/stars/rating-4_0.gif" alt="4.0" border="0">Â  
                Reviews (2)
            </a>
        
    </div>
<!-- END CatalogEntryRatingsReviewsInfo.jspf -->
                                   </div>
                               <!-- Start AddToSubscriptionList.jspf --><!-- Start AddToSubscriptionList.jsp --><!-- End AddToSubscriptionList.jsp --><!-- End AddToSubscriptionList.jspf -->     
                    </div>
                            
                    
    
    <div class="badges">
        <ul>
<li class="lastchild">

                        
                            <a href="/shop/gb/groceries/get-ideas/delivery-and-guides/freshness">
                        
                        
                        <img src="/wcsstore7.20.1.145/SainsburysStorefrontAssetStore/wcassets/icons/typical_life/typical_life_7days.jpg" alt="Typical life 7 days"></a>    
                        
                    </li>
                
        </ul>
</div>

                </div>     
            </div>
            <!--ThumbnailRestriction --><!-- END CatalogEntryThumbnailDisplay.jsp -->
	                            </div>
</li>
	                         

	                            <li class="gridItem" style="min-height: 521px;">
	                                <!-- BEGIN CatalogEntryThumbnailDisplay.jsp --><!-- BEGIN MerchandisingAssociationsDisplay.jsp --><!-- Start - JSP File Name:  MerchandisingAssociationsDisplay.jsp --><!-- END MerchandisingAssociationsDisplay.jsp -->
            <div class="product  straplineRow">
                
                <div class="productInfo">
                    <div class="productNameAndPromotions">
                        
                                  <h3>
                                    <a href="http://www.sainsburys.co.uk/shop/gb/groceries/fresh-pasta-and-sauce-fresh-pasta/giovanni-rana-mushroom-creamy-ricotta-ravioli-250g">
                                        Giovanni Rana Mushroom Creamy Ricotta Ravioli 250g
                                        <img src="http://c2.sainsburys.co.uk/wcsstore7.20.1.145/ExtendedSitesCatalogAssetStore/images/catalog/productImages/21/8001665700221/8001665700221_L.jpeg" alt=""></a>
                                </h3>
                              
                    </div> 
                </div>
                
                <div class="errorBanner hidden" id="error496947"></div>
                <div class="addToTrolleytabBox">   
                    <!--addToTrolleytabBox GRID VIEW --><!-- Start UserSubscribedOrNot.jspf --><!-- Start UserSubscribedOrNot.jsp --><!-- 
			If the user is not logged in, render this opening 
			DIV adding an addtional class to fix the border top which is removed 
			and replaced by the tabs
		-->
		<div class="addToTrolleytabContainer addItemBorderTop">
	<!-- End AddToSubscriptionList.jsp --><!-- End AddSubscriptionList.jspf --><!-- 
                    ATTENTION!!!
                    <div class="addToTrolleytabContainer">
                    This opening div is inside "../../ReusableObjects/UserSubscribedOrNot.jsp"
                    -->
                    <div class="pricingAndTrolleyOptions">
                    	
                                    <div class="priceTab priceTabContainer activeContainer addItem" id="addItem_496947">
                                       <div class="pricing">
                                           
	<p class="pricePerUnit">
    Â£2.00<abbr title="per">/</abbr><abbr title="unit"><span class="pricePerUnitUnit">unit</span></abbr>
</p>
 
    <p class="pricePerMeasure">Â£8.00<abbr title="per">/</abbr><abbr title="kilogram"><span class="pricePerMeasureMeasure">kg</span></abbr>
    </p>

                                       </div>                                      

                                     
                                        <div class="addToTrolleyForm "> 
                                           <!-- BEGIN AddToTrolley.jsp -->

		<form class="addToTrolleyForm" name="OrderItemAddForm_496947" action="OrderItemAdd" method="post" id="OrderItemAddForm_496947">
		    <input type="hidden" name="storeId" value="10151"><input type="hidden" name="langId" value="44"><input type="hidden" name="catalogId" value="10241"><input type="hidden" name="errorViewName" value="CategoryDisplayView"><input type="hidden" name="SKU_ID" value="7662401"><input type="hidden" name="itemType" value=""><label class="access" for="quantity_496946">Quantity</label>
		        
					<input name="quantity" id="quantity_496946" type="text" size="3" value="1" class="quantity"><input type="hidden" name="catEntryId" value="496947"><input type="hidden" name="productId" value="496946"><input type="hidden" name="URL" value="http://www.sainsburys.co.uk/webapp/wcs/stores/servlet/CategoryDisplay?msg=&amp;langId=44&amp;storeId=10151&amp;krypto=7Qkmmd4JZcE3l7%2BJLf8Krv%2FBP1QKJsNRC4onLI%2BaY0%2FuTP%2FeedcHKh2BT%2FXdSuI%2B76EQWaLUa%2FnQGG3pCW8hJkTK9NjU8Svv4h%2FeTlYgy%2FhE1H2rTb%2F6k0kc2GayYrUKZdeC3S1gXjM8%2BGf0s4SwXwhrLhoBZBoN80wYPCzuvbo%3D&amp;ddkey=http%3Agb%2Fgroceries%2Fchilled-%2Ffresh-pasta-and-sauce-fresh-pasta"><input type="hidden" name="page" value=""><input type="hidden" name="contractId" value=""><input type="hidden" name="calculateOrder" value="1"><input type="hidden" name="calculationUsage" value="-1,-2,-3"><input type="hidden" name="updateable" value="1"><input type="hidden" name="merge" value="***"><input type="hidden" name="callAjax" value="false"><input class="button process" type="submit" name="Add" value="Add">
</form>
	<!-- END AddToTrolley.jsp -->
        <div class="numberInTrolley hidden numberInTrolley_496946" id="numberInTrolley_496946">
            
        </div>
    
                                        </div>

                                        <!-- BEGIN CatalogEntryRatingsReviewsInfo.jspf --><!-- productAllowedRatingsAndReviews: true -->
    <div class="reviews">
        
            <a class="numberOfReviews" href="http://www.sainsburys.co.uk/shop/gb/groceries/fresh-pasta-and-sauce-fresh-pasta/giovanni-rana-mushroom-creamy-ricotta-ravioli-250g#reviews">
                <img src="http://c2.sainsburys.co.uk/wcsstore7.20.1.145/SainsburysStorefrontAssetStore/img/stars/rating-3_8.gif" alt="3.8" border="0">Â  
                Reviews (5)
            </a>
        
    </div>
<!-- END CatalogEntryRatingsReviewsInfo.jspf -->
                                   </div>
                               <!-- Start AddToSubscriptionList.jspf --><!-- Start AddToSubscriptionList.jsp --><!-- End AddToSubscriptionList.jsp --><!-- End AddToSubscriptionList.jspf -->     
                    </div>
                            
                    
    
    <div class="badges">
        <ul>
<li class="lastchild">

                        
                            <a href="/shop/gb/groceries/get-ideas/delivery-and-guides/freshness">
                        
                        
                        <img src="/wcsstore7.20.1.145/SainsburysStorefrontAssetStore/wcassets/icons/typical_life/typical_life_7days.jpg" alt="Typical life 7 days"></a>    
                        
                    </li>
                
        </ul>
</div>

                </div>     
            </div>
            <!--ThumbnailRestriction --><!-- END CatalogEntryThumbnailDisplay.jsp -->
	                            </div>
</li>
	                         

	                            <li class="gridItem" style="min-height: 477px;">
	                                <!-- BEGIN CatalogEntryThumbnailDisplay.jsp --><!-- BEGIN MerchandisingAssociationsDisplay.jsp --><!-- Start - JSP File Name:  MerchandisingAssociationsDisplay.jsp --><!-- END MerchandisingAssociationsDisplay.jsp -->
            <div class="product ">
                
                <div class="productInfo">
                    <div class="productNameAndPromotions">
                        
                                  <h3>
                                    <a href="http://www.sainsburys.co.uk/shop/gb/groceries/fresh-pasta-and-sauce-fresh-pasta/giovanni-rana-italian-bolognese-tortelloni-250g">
                                        Giovanni Rana Rich Bolognese Tortelloni 250g
                                        <img src="http://c2.sainsburys.co.uk/wcsstore7.20.1.145/ExtendedSitesCatalogAssetStore/images/catalog/productImages/91/8001665700191/8001665700191_L.jpeg" alt=""></a>
                                </h3>
                              
                    </div> 
                </div>
                
                <div class="errorBanner hidden" id="error496949"></div>
                <div class="addToTrolleytabBox">   
                    <!--addToTrolleytabBox GRID VIEW --><!-- Start UserSubscribedOrNot.jspf --><!-- Start UserSubscribedOrNot.jsp --><!-- 
			If the user is not logged in, render this opening 
			DIV adding an addtional class to fix the border top which is removed 
			and replaced by the tabs
		-->
		<div class="addToTrolleytabContainer addItemBorderTop">
	<!-- End AddToSubscriptionList.jsp --><!-- End AddSubscriptionList.jspf --><!-- 
                    ATTENTION!!!
                    <div class="addToTrolleytabContainer">
                    This opening div is inside "../../ReusableObjects/UserSubscribedOrNot.jsp"
                    -->
                    <div class="pricingAndTrolleyOptions">
                    	
                                    <div class="priceTab priceTabContainer activeContainer addItem" id="addItem_496949">
                                       <div class="pricing">
                                           
	<p class="pricePerUnit">
    Â£2.00<abbr title="per">/</abbr><abbr title="unit"><span class="pricePerUnitUnit">unit</span></abbr>
</p>
 
    <p class="pricePerMeasure">Â£8.00<abbr title="per">/</abbr><abbr title="kilogram"><span class="pricePerMeasureMeasure">kg</span></abbr>
    </p>

                                       </div>                                      

                                     
                                        <div class="addToTrolleyForm "> 
                                           <!-- BEGIN AddToTrolley.jsp -->

		<form class="addToTrolleyForm" name="OrderItemAddForm_496949" action="OrderItemAdd" method="post" id="OrderItemAddForm_496949">
		    <input type="hidden" name="storeId" value="10151"><input type="hidden" name="langId" value="44"><input type="hidden" name="catalogId" value="10241"><input type="hidden" name="errorViewName" value="CategoryDisplayView"><input type="hidden" name="SKU_ID" value="7662403"><input type="hidden" name="itemType" value=""><label class="access" for="quantity_496948">Quantity</label>
		        
					<input name="quantity" id="quantity_496948" type="text" size="3" value="1" class="quantity"><input type="hidden" name="catEntryId" value="496949"><input type="hidden" name="productId" value="496948"><input type="hidden" name="URL" value="http://www.sainsburys.co.uk/webapp/wcs/stores/servlet/CategoryDisplay?msg=&amp;langId=44&amp;storeId=10151&amp;krypto=7Qkmmd4JZcE3l7%2BJLf8Krv%2FBP1QKJsNRC4onLI%2BaY0%2FuTP%2FeedcHKh2BT%2FXdSuI%2B76EQWaLUa%2FnQGG3pCW8hJkTK9NjU8Svv4h%2FeTlYgy%2FhE1H2rTb%2F6k0kc2GayYrUKZdeC3S1gXjM8%2BGf0s4SwXwhrLhoBZBoN80wYPCzuvbo%3D&amp;ddkey=http%3Agb%2Fgroceries%2Fchilled-%2Ffresh-pasta-and-sauce-fresh-pasta"><input type="hidden" name="page" value=""><input type="hidden" name="contractId" value=""><input type="hidden" name="calculateOrder" value="1"><input type="hidden" name="calculationUsage" value="-1,-2,-3"><input type="hidden" name="updateable" value="1"><input type="hidden" name="merge" value="***"><input type="hidden" name="callAjax" value="false"><input class="button process" type="submit" name="Add" value="Add">
</form>
	<!-- END AddToTrolley.jsp -->
        <div class="numberInTrolley hidden numberInTrolley_496948" id="numberInTrolley_496948">
            
        </div>
    
                                        </div>

                                        <!-- BEGIN CatalogEntryRatingsReviewsInfo.jspf --><!-- productAllowedRatingsAndReviews: true -->
    <div class="reviews">
        
            <a class="numberOfReviews" href="http://www.sainsburys.co.uk/shop/gb/groceries/fresh-pasta-and-sauce-fresh-pasta/giovanni-rana-italian-bolognese-tortelloni-250g#reviews">
                <img src="http://c2.sainsburys.co.uk/wcsstore7.20.1.145/SainsburysStorefrontAssetStore/img/stars/rating-3_2.gif" alt="3.1667" border="0">Â  
                Reviews (6)
            </a>
        
    </div>
<!-- END CatalogEntryRatingsReviewsInfo.jspf -->
                                   </div>
                               <!-- Start AddToSubscriptionList.jspf --><!-- Start AddToSubscriptionList.jsp --><!-- End AddToSubscriptionList.jsp --><!-- End AddToSubscriptionList.jspf -->     
                    </div>
                            
                    
    
    <div class="badges">
        <ul>
<li class="lastchild">

                        
                            <a href="/shop/gb/groceries/get-ideas/delivery-and-guides/freshness">
                        
                        
                        <img src="/wcsstore7.20.1.145/SainsburysStorefrontAssetStore/wcassets/icons/typical_life/typical_life_7days.jpg" alt="Typical life 7 days"></a>    
                        
                    </li>
                
        </ul>
</div>

                </div>     
            </div>
            <!--ThumbnailRestriction --><!-- END CatalogEntryThumbnailDisplay.jsp -->
	                            </div>
</li>
	                         

	                            <li class="gridItem" style="min-height: 477px;">
	                                <!-- BEGIN CatalogEntryThumbnailDisplay.jsp --><!-- BEGIN MerchandisingAssociationsDisplay.jsp --><!-- Start - JSP File Name:  MerchandisingAssociationsDisplay.jsp --><!-- END MerchandisingAssociationsDisplay.jsp -->
            <div class="product ">
                
                <div class="productInfo">
                    <div class="productNameAndPromotions">
                        
                                  <h3>
                                    <a href="http://www.sainsburys.co.uk/shop/gb/groceries/fresh-pasta-and-sauce-fresh-pasta/giovanni-rana-spinach-ricotta-tortelloni-250g">
                                        Giovanni Rana Spinach Ricotta Tortelloni 250g
                                        <img src="http://c2.sainsburys.co.uk/wcsstore7.20.1.145/ExtendedSitesCatalogAssetStore/images/catalog/productImages/84/8001665700184/8001665700184_L.jpeg" alt=""></a>
                                </h3>
                              
                    </div> 
                </div>
                
                <div class="errorBanner hidden" id="error496937"></div>
                <div class="addToTrolleytabBox">   
                    <!--addToTrolleytabBox GRID VIEW --><!-- Start UserSubscribedOrNot.jspf --><!-- Start UserSubscribedOrNot.jsp --><!-- 
			If the user is not logged in, render this opening 
			DIV adding an addtional class to fix the border top which is removed 
			and replaced by the tabs
		-->
		<div class="addToTrolleytabContainer addItemBorderTop">
	<!-- End AddToSubscriptionList.jsp --><!-- End AddSubscriptionList.jspf --><!-- 
                    ATTENTION!!!
                    <div class="addToTrolleytabContainer">
                    This opening div is inside "../../ReusableObjects/UserSubscribedOrNot.jsp"
                    -->
                    <div class="pricingAndTrolleyOptions">
                    	
                                    <div class="priceTab priceTabContainer activeContainer addItem" id="addItem_496937">
                                       <div class="pricing">
                                           
	<p class="pricePerUnit">
    Â£2.00<abbr title="per">/</abbr><abbr title="unit"><span class="pricePerUnitUnit">unit</span></abbr>
</p>
 
    <p class="pricePerMeasure">Â£8.00<abbr title="per">/</abbr><abbr title="kilogram"><span class="pricePerMeasureMeasure">kg</span></abbr>
    </p>

                                       </div>                                      

                                     
                                        <div class="addToTrolleyForm "> 
                                           <!-- BEGIN AddToTrolley.jsp -->

		<form class="addToTrolleyForm" name="OrderItemAddForm_496937" action="OrderItemAdd" method="post" id="OrderItemAddForm_496937">
		    <input type="hidden" name="storeId" value="10151"><input type="hidden" name="langId" value="44"><input type="hidden" name="catalogId" value="10241"><input type="hidden" name="errorViewName" value="CategoryDisplayView"><input type="hidden" name="SKU_ID" value="7662388"><input type="hidden" name="itemType" value=""><label class="access" for="quantity_496936">Quantity</label>
		        
					<input name="quantity" id="quantity_496936" type="text" size="3" value="1" class="quantity"><input type="hidden" name="catEntryId" value="496937"><input type="hidden" name="productId" value="496936"><input type="hidden" name="URL" value="http://www.sainsburys.co.uk/webapp/wcs/stores/servlet/CategoryDisplay?msg=&amp;langId=44&amp;storeId=10151&amp;krypto=7Qkmmd4JZcE3l7%2BJLf8Krv%2FBP1QKJsNRC4onLI%2BaY0%2FuTP%2FeedcHKh2BT%2FXdSuI%2B76EQWaLUa%2FnQGG3pCW8hJkTK9NjU8Svv4h%2FeTlYgy%2FhE1H2rTb%2F6k0kc2GayYrUKZdeC3S1gXjM8%2BGf0s4SwXwhrLhoBZBoN80wYPCzuvbo%3D&amp;ddkey=http%3Agb%2Fgroceries%2Fchilled-%2Ffresh-pasta-and-sauce-fresh-pasta"><input type="hidden" name="page" value=""><input type="hidden" name="contractId" value=""><input type="hidden" name="calculateOrder" value="1"><input type="hidden" name="calculationUsage" value="-1,-2,-3"><input type="hidden" name="updateable" value="1"><input type="hidden" name="merge" value="***"><input type="hidden" name="callAjax" value="false"><input class="button process" type="submit" name="Add" value="Add">
</form>
	<!-- END AddToTrolley.jsp -->
        <div class="numberInTrolley hidden numberInTrolley_496936" id="numberInTrolley_496936">
            
        </div>
    
                                        </div>

                                        <!-- BEGIN CatalogEntryRatingsReviewsInfo.jspf --><!-- productAllowedRatingsAndReviews: true -->
    <div class="reviews">
        
            <a class="numberOfReviews" href="http://www.sainsburys.co.uk/shop/gb/groceries/fresh-pasta-and-sauce-fresh-pasta/giovanni-rana-spinach-ricotta-tortelloni-250g#reviews">
                <img src="http://c2.sainsburys.co.uk/wcsstore7.20.1.145/SainsburysStorefrontAssetStore/img/stars/rating-5_0.gif" alt="5.0" border="0">Â  
                Reviews (9)
            </a>
        
    </div>
<!-- END CatalogEntryRatingsReviewsInfo.jspf -->
                                   </div>
                               <!-- Start AddToSubscriptionList.jspf --><!-- Start AddToSubscriptionList.jsp --><!-- End AddToSubscriptionList.jsp --><!-- End AddToSubscriptionList.jspf -->     
                    </div>
                            
                    
    
    <div class="badges">
        <ul>
<li class="lastchild">

                        
                            <a href="/shop/gb/groceries/get-ideas/delivery-and-guides/freshness">
                        
                        
                        <img src="/wcsstore7.20.1.145/SainsburysStorefrontAssetStore/wcassets/icons/typical_life/typical_life_7days.jpg" alt="Typical life 7 days"></a>    
                        
                    </li>
                
        </ul>
</div>

                </div>     
            </div>
            <!--ThumbnailRestriction --><!-- END CatalogEntryThumbnailDisplay.jsp -->
	                            </div>
</li>
	                         

	                            <li class="gridItem" style="min-height: 477px;">
	                                <!-- BEGIN CatalogEntryThumbnailDisplay.jsp --><!-- BEGIN MerchandisingAssociationsDisplay.jsp --><!-- Start - JSP File Name:  MerchandisingAssociationsDisplay.jsp --><!-- END MerchandisingAssociationsDisplay.jsp -->
            <div class="product ">
                
                <div class="productInfo">
                    <div class="productNameAndPromotions">
                        
                                  <h3>
                                    <a href="http://www.sainsburys.co.uk/shop/gb/groceries/fresh-pasta-and-sauce-fresh-pasta/giovanni-rana-ravioli--mozzarella---pancetta-250g">
                                        Giovanni Rana Ravioli, Mozzarella &amp; Pancetta 250g
                                        <img src="http://c2.sainsburys.co.uk/wcsstore7.20.1.145/ExtendedSitesCatalogAssetStore/images/catalog/productImages/34/8001665703734/8001665703734_L.jpeg" alt=""></a>
                                </h3>
                              
                    </div> 
                </div>
                
                <div class="errorBanner hidden" id="error1076809"></div>
                <div class="addToTrolleytabBox">   
                    <!--addToTrolleytabBox GRID VIEW --><!-- Start UserSubscribedOrNot.jspf --><!-- Start UserSubscribedOrNot.jsp --><!-- 
			If the user is not logged in, render this opening 
			DIV adding an addtional class to fix the border top which is removed 
			and replaced by the tabs
		-->
		<div class="addToTrolleytabContainer addItemBorderTop">
	<!-- End AddToSubscriptionList.jsp --><!-- End AddSubscriptionList.jspf --><!-- 
                    ATTENTION!!!
                    <div class="addToTrolleytabContainer">
                    This opening div is inside "../../ReusableObjects/UserSubscribedOrNot.jsp"
                    -->
                    <div class="pricingAndTrolleyOptions">
                    	
                                    <div class="priceTab priceTabContainer activeContainer addItem" id="addItem_1076809">
                                       <div class="pricing">
                                           
	<p class="pricePerUnit">
    Â£2.00<abbr title="per">/</abbr><abbr title="unit"><span class="pricePerUnitUnit">unit</span></abbr>
</p>
 
    <p class="pricePerMeasure">Â£8.00<abbr title="per">/</abbr><abbr title="kilogram"><span class="pricePerMeasureMeasure">kg</span></abbr>
    </p>

                                       </div>                                      

                                     
                                        <div class="addToTrolleyForm "> 
                                           <!-- BEGIN AddToTrolley.jsp -->

		<form class="addToTrolleyForm" name="OrderItemAddForm_1076809" action="OrderItemAdd" method="post" id="OrderItemAddForm_1076809">
		    <input type="hidden" name="storeId" value="10151"><input type="hidden" name="langId" value="44"><input type="hidden" name="catalogId" value="10241"><input type="hidden" name="errorViewName" value="CategoryDisplayView"><input type="hidden" name="SKU_ID" value="7828200"><input type="hidden" name="itemType" value=""><label class="access" for="quantity_1076808">Quantity</label>
		        
					<input name="quantity" id="quantity_1076808" type="text" size="3" value="1" class="quantity"><input type="hidden" name="catEntryId" value="1076809"><input type="hidden" name="productId" value="1076808"><input type="hidden" name="URL" value="http://www.sainsburys.co.uk/webapp/wcs/stores/servlet/CategoryDisplay?msg=&amp;langId=44&amp;storeId=10151&amp;krypto=7Qkmmd4JZcE3l7%2BJLf8Krv%2FBP1QKJsNRC4onLI%2BaY0%2FuTP%2FeedcHKh2BT%2FXdSuI%2B76EQWaLUa%2FnQGG3pCW8hJkTK9NjU8Svv4h%2FeTlYgy%2FhE1H2rTb%2F6k0kc2GayYrUKZdeC3S1gXjM8%2BGf0s4SwXwhrLhoBZBoN80wYPCzuvbo%3D&amp;ddkey=http%3Agb%2Fgroceries%2Fchilled-%2Ffresh-pasta-and-sauce-fresh-pasta"><input type="hidden" name="page" value=""><input type="hidden" name="contractId" value=""><input type="hidden" name="calculateOrder" value="1"><input type="hidden" name="calculationUsage" value="-1,-2,-3"><input type="hidden" name="updateable" value="1"><input type="hidden" name="merge" value="***"><input type="hidden" name="callAjax" value="false"><input class="button process" type="submit" name="Add" value="Add">
</form>
	<!-- END AddToTrolley.jsp -->
        <div class="numberInTrolley hidden numberInTrolley_1076808" id="numberInTrolley_1076808">
            
        </div>
    
                                        </div>

                                        <!-- BEGIN CatalogEntryRatingsReviewsInfo.jspf --><!-- productAllowedRatingsAndReviews: true -->
    <div class="reviews">
        
            <a class="numberOfReviews" href="http://www.sainsburys.co.uk/shop/gb/groceries/fresh-pasta-and-sauce-fresh-pasta/giovanni-rana-ravioli--mozzarella---pancetta-250g#reviews">
                <img src="http://c2.sainsburys.co.uk/wcsstore7.20.1.145/SainsburysStorefrontAssetStore/img/stars/rating-5_0.gif" alt="5.0" border="0">Â  
                Reviews (2)
            </a>
        
    </div>
<!-- END CatalogEntryRatingsReviewsInfo.jspf -->
                                   </div>
                               <!-- Start AddToSubscriptionList.jspf --><!-- Start AddToSubscriptionList.jsp --><!-- End AddToSubscriptionList.jsp --><!-- End AddToSubscriptionList.jspf -->     
                    </div>
                            
                    
    
    <div class="badges">
        <ul>
<li>

                        
                        
                        <img src="/wcsstore7.20.1.145/SainsburysStorefrontAssetStore/wcassets/icons/new_40x40.gif" alt="New">
</li>
                
                    
                    
                    
                     <li class="lastchild">

                        
                            <a href="/shop/gb/groceries/get-ideas/delivery-and-guides/freshness">
                        
                        
                        <img src="/wcsstore7.20.1.145/SainsburysStorefrontAssetStore/wcassets/icons/typical_life/typical_life_7days.jpg" alt="Typical life 7 days"></a>    
                        
                    </li>
                
        </ul>
</div>

                </div>     
            </div>
            <!--ThumbnailRestriction --><!-- END CatalogEntryThumbnailDisplay.jsp -->
	                            </div>
</li>
	                         

	                            <li class="gridItem" style="min-height: 516px;">
	                                <!-- BEGIN CatalogEntryThumbnailDisplay.jsp --><!-- BEGIN MerchandisingAssociationsDisplay.jsp --><!-- Start - JSP File Name:  MerchandisingAssociationsDisplay.jsp --><!-- END MerchandisingAssociationsDisplay.jsp -->
            <div class="product  highlighted specialOffer straplineRow">
                
                <div class="productInfo">
                    <div class="productNameAndPromotions">
                        
                                  <h3>
                                    <a href="http://www.sainsburys.co.uk/shop/gb/groceries/fresh-pasta-and-sauce-fresh-pasta/giovanni-rana-ravioli--parmigiano---ricotta-ravioli-250g">
                                        Giovanni Rana Ravioli, Parmigiano &amp; Ricotta Ravioli 250g
                                        <img src="http://c2.sainsburys.co.uk/wcsstore7.20.1.145/ExtendedSitesCatalogAssetStore/images/catalog/productImages/27/8001665703727/8001665703727_L.jpeg" alt=""></a>
                                </h3>
                              
    <div class="promotion">
                   
		            <p><a href="http://www.sainsburys.co.uk/shop/PromotionDisplayView?catalogId=10254&amp;langId=44&amp;productId=1076806&amp;storeId=10151&amp;promotionId=10229828"><!-- BEGIN include/PromotionStrapline.jspf -->Only Â£2.00: Save 45p<br><!-- FINISH include/PromotionStrapline.jspf --></a></p>
		                        
    </div>

                    </div> 
                </div>
                
        <div class="strapline"><a href="http://www.sainsburys.co.uk/shop/PromotionDisplayView?catalogId=10254&amp;langId=44&amp;productId=1076806&amp;storeId=10151&amp;promotionId=10229828"><img src="/wcsstore7.20.1.145/SainsburysStorefrontAssetStore/wcassets/icons/special/img-special-offer.png" alt="Special Offer"></a></div>
    
                <div class="errorBanner hidden" id="error1076807"></div>
                <div class="addToTrolleytabBox">   
                    <!--addToTrolleytabBox GRID VIEW --><!-- Start UserSubscribedOrNot.jspf --><!-- Start UserSubscribedOrNot.jsp --><!-- 
			If the user is not logged in, render this opening 
			DIV adding an addtional class to fix the border top which is removed 
			and replaced by the tabs
		-->
		<div class="addToTrolleytabContainer addItemBorderTop">
	<!-- End AddToSubscriptionList.jsp --><!-- End AddSubscriptionList.jspf --><!-- 
                    ATTENTION!!!
                    <div class="addToTrolleytabContainer">
                    This opening div is inside "../../ReusableObjects/UserSubscribedOrNot.jsp"
                    -->
                    <div class="pricingAndTrolleyOptions">
                    	
                                    <div class="priceTab priceTabContainer activeContainer addItem" id="addItem_1076807">
                                       <div class="pricing">
                                           
	<p class="pricePerUnit">
    Â£2.00<abbr title="per">/</abbr><abbr title="unit"><span class="pricePerUnitUnit">unit</span></abbr>
</p>
 
    <p class="pricePerMeasure">Â£8.00<abbr title="per">/</abbr><abbr title="kilogram"><span class="pricePerMeasureMeasure">kg</span></abbr>
    </p>

                                       </div>                                      

                                     
                                        <div class="addToTrolleyForm "> 
                                           <!-- BEGIN AddToTrolley.jsp -->

		<form class="addToTrolleyForm" name="OrderItemAddForm_1076807" action="OrderItemAdd" method="post" id="OrderItemAddForm_1076807">
		    <input type="hidden" name="storeId" value="10151"><input type="hidden" name="langId" value="44"><input type="hidden" name="catalogId" value="10241"><input type="hidden" name="errorViewName" value="CategoryDisplayView"><input type="hidden" name="SKU_ID" value="7828191"><input type="hidden" name="itemType" value=""><label class="access" for="quantity_1076806">Quantity</label>
		        
					<input name="quantity" id="quantity_1076806" type="text" size="3" value="1" class="quantity"><input type="hidden" name="catEntryId" value="1076807"><input type="hidden" name="productId" value="1076806"><input type="hidden" name="URL" value="http://www.sainsburys.co.uk/webapp/wcs/stores/servlet/CategoryDisplay?msg=&amp;langId=44&amp;storeId=10151&amp;krypto=7Qkmmd4JZcE3l7%2BJLf8Krv%2FBP1QKJsNRC4onLI%2BaY0%2FuTP%2FeedcHKh2BT%2FXdSuI%2B76EQWaLUa%2FnQGG3pCW8hJkTK9NjU8Svv4h%2FeTlYgy%2FhE1H2rTb%2F6k0kc2GayYrUKZdeC3S1gXjM8%2BGf0s4SwXwhrLhoBZBoN80wYPCzuvbo%3D&amp;ddkey=http%3Agb%2Fgroceries%2Fchilled-%2Ffresh-pasta-and-sauce-fresh-pasta"><input type="hidden" name="page" value=""><input type="hidden" name="contractId" value=""><input type="hidden" name="calculateOrder" value="1"><input type="hidden" name="calculationUsage" value="-1,-2,-3"><input type="hidden" name="updateable" value="1"><input type="hidden" name="merge" value="***"><input type="hidden" name="callAjax" value="false"><input class="button process" type="submit" name="Add" value="Add">
</form>
	<!-- END AddToTrolley.jsp -->
        <div class="numberInTrolley hidden numberInTrolley_1076806" id="numberInTrolley_1076806">
            
        </div>
    
                                        </div>

                                        <!-- BEGIN CatalogEntryRatingsReviewsInfo.jspf --><!-- productAllowedRatingsAndReviews: true -->
    <div class="reviews">
        
	        <a class="numberOfReviews repressive" href="http://reviews.sainsburys.co.uk//8076-en_gb/7828191-P/writereview.htm?submissionurl=http%3A%2F%2Fwww.sainsburys.co.uk%2Fwebapp%2Fwcs%2Fstores%2Fservlet%2FBVReviewSubmitDisplay%3FcatalogId%3D10254%26storeId%3D10151%26recipe%3D%26langId%3D44%26productId%3D7828191-P&amp;return=http%3A%2F%2Fwww.sainsburys.co.uk%2Fwebapp%2Fwcs%2Fstores%2Fservlet%2FCategoryDisplay%3FbeginIndex%3D0%26pageSize%3D90">
	    Write a review
          	</a>
        
    </div>
<!-- END CatalogEntryRatingsReviewsInfo.jspf -->
                                   </div>
                               <!-- Start AddToSubscriptionList.jspf --><!-- Start AddToSubscriptionList.jsp --><!-- End AddToSubscriptionList.jsp --><!-- End AddToSubscriptionList.jspf -->     
                    </div>
                            
                    
    
    <div class="badges">
        <ul>
<li>

                        
                        
                        <img src="/wcsstore7.20.1.145/SainsburysStorefrontAssetStore/wcassets/icons/new_40x40.gif" alt="New">
</li>
                
                    
                    
                    
                     <li class="lastchild">

                        
                            <a href="/shop/gb/groceries/get-ideas/delivery-and-guides/freshness">
                        
                        
                        <img src="/wcsstore7.20.1.145/SainsburysStorefrontAssetStore/wcassets/icons/typical_life/typical_life_7days.jpg" alt="Typical life 7 days"></a>    
                        
                    </li>
                
        </ul>
</div>

                </div>     
            </div>
            <!--ThumbnailRestriction --><!-- END CatalogEntryThumbnailDisplay.jsp -->
	                            </div>
</li>
	                         
	            </ul>
<h2 class="access">Product pagination</h2>
<div class="pagination paginationBottom">

    
    <ul class="pages">
<li class="previous">
		        
		        <span class="access">Go to previous page</span>
		        
            </li>

        <li class="current">
<span class="access">Current page </span><span>1</span>
</li>
        
            <li class="next">
        
        <span class="access">Go to next page</span>
        
            </li>
    </ul>
</div>

            </div>
        </div>
    <!-- END ShelfDisplay.jsp --><!-- ********************* ZDAS ESpot Display Start ********************** -->
            <div class="section eSpotContainer bottomESpots">
                <!-- Left POD ESpot Name = Z:CHILLED/Espot_Left -->
                <!-- START ZDASPODDisplay.jsp -->

<div id="sitecatalyst_ESPOT_NAME_Z:CHILLED/Espot_Left" class="siteCatalystTag">Z:CHILLED/Espot_Left</div>

<div class="es es-border-box" style="width: 100%; height: 150px; padding-bottom: 15px; "><div suspendonhover="true" dojotype="dojox.widget.AutoRotator" transition="dojox.widget.rotator.crossFade" id="myAutoRotator1486143625347" class="es-border-box-100  es-transparent-bg" duration=""><div class="es-border-box-100" style="left: 0px; top: 0px; position: absolute;">
<div class="es-border-box-100"><a href="/shop/PromotionDisplayView?langId=44&amp;productId=675452&amp;storeId=10151&amp;promotionId=10229393"><img src="/wcassets/2017_2018/cycle_01_15_mar/bakkavor__jsstonebakedmar_847x135.jpg" alt="Low price offer on selected pizza and others. See all options."></a></div>
<div class="es-border-box es-white-bg" style="width: 168px; height: 155px; position: absolute; left: 0px; top: 0px; opacity: 1; -ms-filter: progid:DXImageTransform.Microsoft.Alpha(100); filter: alpha(opacity=100);"></div>
<div class="es-border-box" style="width: 168px; height: 155px; position: absolute; left: 0px; top: 0px; padding-left: 15px; padding-top: 10px; padding-right: 15px; padding-bottom: 15px; ">
<div class="es-border-box" style="width: 100%; padding-top: px; "><h3 class="content-value">
<img class="content-value" src="/wcassets/default/banner/pound-icon.jpg" alt="" width="20" height="20">Â£2</h3></div>
<div style="width: 100%; padding-top: px; " class="es-border-box"><p>Have a night in with our selection of stonebaked pizza</p></div>
<div class="es-border-box" style="width: 100%; padding-top: px;">
<a class="es-promotion-link" style="color:#ffffcc" href="" target="_blank">Â»
                                             </a><a class="es-promotion-link" style="color:#ffffcc" href="">Â»
                                             </a>
</div>
</div>
</div></div></div>
<!-- end of if empty marketingSpotDatas loop--><!-- END ZDASPODDisplay.jsp -->
             </div>   
             
              
                
              <div class="section eSpotContainer bottomESpots">   
	                <!--  Middle POD Espot Name = Z_Default_Espot_Content -->
	                      <!-- START ZDASPODDisplay.jsp -->

<div id="sitecatalyst_ESPOT_NAME_Z_Default_Espot_Content" class="siteCatalystTag">Z_Default_Espot_Content</div>

<!-- end of if empty marketingSpotDatas loop--><!-- END ZDASPODDisplay.jsp --><!--  Right POD Espot Name = Z_Default_Espot_Content-->
	                      <!-- START ZDASPODDisplay.jsp -->

<div id="sitecatalyst_ESPOT_NAME_Z_Default_Espot_Content" class="siteCatalystTag">Z_Default_Espot_Content</div>

<!-- end of if empty marketingSpotDatas loop--><!-- END ZDASPODDisplay.jsp -->
                </div>
            <!-- ********************* ZDAS ESpot Display End ********************** -->
        </div>
        <!-- content End --><!-- auxiliary Start -->
        <div class="aside" id="auxiliary">
            <!-- BEGIN RightHandSide.jspf -->
<div id="auxiliaryDock">
    <!-- BEGIN RightHandSide.jsp -->

<div class="panel loginPanel">
	
    <div id="sitecatalyst_ESPOT_NAME_NZ_Welcome_Back_RHS_Espot" class="siteCatalystTag">NZ_Welcome_Back_RHS_Espot</div>

                    
	<h2>Already a customer?</h2>
    <form name="signIn" method="post" action="LogonView" id="Rhs_signIn">
        <input type="hidden" name="storeId" value="10151"><input type="hidden" name="langId" value="44"><input type="hidden" name="catalogId" value="10241"><input type="hidden" name="URL" value="http://www.sainsburys.co.uk/webapp/wcs/stores/servlet/CategoryDisplay?msg=&amp;langId=44&amp;storeId=10151&amp;krypto=7Qkmmd4JZcE3l7%2BJLf8Krv%2FBP1QKJsNRC4onLI%2BaY0%2FuTP%2FeedcHKh2BT%2FXdSuI%2B76EQWaLUa%2FnQGG3pCW8hJkTK9NjU8Svv4h%2FeTlYgy%2FhE1H2rTb%2F6k0kc2GayYrUKZdeC3S1gXjM8%2BGf0s4SwXwhrLhoBZBoN80wYPCzuvbo%3D&amp;ddkey=http%3Agb%2Fgroceries%2Fchilled-%2Ffresh-pasta-and-sauce-fresh-pasta"><input type="hidden" name="logonCallerId" value="LogonButton"><input type="hidden" name="errorViewName" value="CategoryDisplayView"><input class="button process" type="submit" value="Log in">
</form>
    
	<div class="panelFooter">
		<p class="register">Not yet registered? 
		<a class="callToAction" name="register" href="http://www.sainsburys.co.uk/shop/PostcodeCheckView?catalogId=10122&amp;currentPageUrl=http%3A%2F%2Fwww.sainsburys.co.uk%2Fwebapp%2Fwcs%2Fstores%2Fservlet%2FCategoryDisplay%3Fmsg%3D%26langId%3D44%26storeId%3D10151%26krypto%3D7Qkmmd4JZcE3l7%252BJLf8Krv%252FBP1QKJsNRC4onLI%252BaY0%252FuTP%252FeedcHKh2BT%252FXdSuI%252B76EQWaLUa%252FnQGG3pCW8hJkTK9NjU8Svv4h%252FeTlYgy%252FhE1H2rTb%252F6k0kc2GayYrUKZdeC3S1gXjM8%252BGf0s4SwXwhrLhoBZBoN80wYPCzuvbo%253D%26ddkey%3Dhttp%253Agb%252Fgroceries%252Fchilled-%252Ffresh-pasta-and-sauce-fresh-pasta&amp;langId=44&amp;storeId=10151"> Register Now</a></p>
	</div>
</div>
<div class="panel imagePanel checkPostCodePanel" id="checkPostCodePanel">
	
    <div id="sitecatalyst_ESPOT_NAME_NZ_Do_We_Deliver_To_You_Espot" class="siteCatalystTag">NZ_Do_We_Deliver_To_You_Espot</div>

        <h2>New customer?</h2>
    

    <p>Enter your postcode to check we deliver in your area.</p>
    
    
      <div id="PostCodeMessageArea" class="errorMessage" style="display:none;">
      </div>
    
	<form name="CheckPostCode" method="post" action="/webapp/wcs/stores/servlet/CheckPostCode" id="Rhs_checkPostCode">
		<input type="hidden" name="langId" value="44"><input type="hidden" name="storeId" value="10151"><input type="hidden" name="currentPageUrl" value="http://www.sainsburys.co.uk/webapp/wcs/stores/servlet/CategoryDisplay?msg=&amp;langId=44&amp;storeId=10151&amp;krypto=7Qkmmd4JZcE3l7%2BJLf8Krv%2FBP1QKJsNRC4onLI%2BaY0%2FuTP%2FeedcHKh2BT%2FXdSuI%2B76EQWaLUa%2FnQGG3pCW8hJkTK9NjU8Svv4h%2FeTlYgy%2FhE1H2rTb%2F6k0kc2GayYrUKZdeC3S1gXjM8%2BGf0s4SwXwhrLhoBZBoN80wYPCzuvbo%3D&amp;ddkey=http%3Agb%2Fgroceries%2Fchilled-%2Ffresh-pasta-and-sauce-fresh-pasta"><input type="hidden" name="currentViewName" value="CategoryDisplayView"><input type="hidden" name="messageAreaId" value="PostCodeMessageArea"><div class="field">
			<div class="indicator">
				<label class="access" for="postCode">Postcode</label>
			</div>
			<div class="input">
				<input type="text" name="postCode" id="postCode" maxlength="8" value="">
</div>
		</div>
		<div class="actions">
			<input class="button primary process" type="submit" value="Check postcode">
</div>      
	</form>
</div>
<!-- END RightHandSide.jsp --><!-- BEGIN MiniShopCartDisplay.jsp --><!-- If we get here from a generic error this service will fail so we need to catch the exception -->
		<div class="panel infoPanel">
			<span class="icon infoIcon"></span>
		   	<h2>Important Information</h2>
			<p>Alcohol promotions available to online customers serviced from our Scottish stores may differ from those shown when browsing our site. Please log in to see the full range of promotions available to you.</p>
		</div>
	<!-- END MiniShopCartDisplay.jsp -->
</div>
<!-- END RightHandSide.jspf -->
        </div>
        <!-- auxiliary End -->
    </div>
    <!-- Main Area End --><!-- Footer Start --><!-- BEGIN LayoutContainerBottom.jspf --><!-- BEGIN FooterDisplay.jspf -->


<div id="globalFooter" class="footer">
    <ul>
<li><a href="http://www.sainsburys.co.uk/privacy">Privacy policy</a></li>
	<li><a href="http://www.sainsburys.co.uk/cookies">Cookie policy</a></li>
	<li><a href="http://www.sainsburys.co.uk/terms">Terms &amp; conditions</a></li>
	<li><a href="http://www.sainsburys.co.uk/accessibility">Accessibility</a></li>
	<li><a href="http://help.sainsburys.co.uk/" rel="external" target="_blank" title="Opens in new window">Help Centre<span class="access"> (opens in a new window/tab)</span></a></li>
	<li><a href="http://help.sainsburys.co.uk/help/how_to_contact_us">Contact us</a></li>
	<li><a href="/webapp/wcs/stores/servlet/DeviceOverride?deviceId=-21&amp;langId=44&amp;storeId=10151">Mobile</a></li>
</ul>
</div>

<!-- END FooterDisplay.jspf --><!-- END LayoutContainerBottom.jspf --><!-- Footer Start End -->
    </div>
    <!--// End #page  --><!-- Bright Tagger start -->

	<div id="sitecatalyst_ws" class="siteCatalystTag"></div>
	
    <script type="text/javascript">
        var brightTagStAccount = 'sp0XdVN';
    </script><noscript>
        &lt;iframe src="//s.thebrighttag.com/iframe?c=sp0XdVN" width="1" height="1" frameborder="0" scrolling="no" marginheight="0" marginwidth="0"&gt;&lt;/iframe&gt;
    </noscript>
<!-- Bright Tagger End -->
 <script type="text/javascript">
 (function(){
 
    
    
        digitalData.page = {pageInfo:{},events:[]}; //If there is no event then create an event array
    
        var pageName = '' ? document.body.id+':':document.body.id; digitalData.page.pageInfo.pageName =pageName;
        var breadCrumb = document.querySelectorAll('#breadcrumbNavList > li > a,#breadcrumbNavList > li > strong,#breadcrumbNavList > li > span > strong');
        var element = [];
        for (var i=0,il=breadCrumb.length; i<il; i++) {
            element.push(breadCrumb[i].textContent.trim());
        }
        var bElement = element ? element.join('::'):'';
        
    
                if (bElement.length > 0 && bElement.trim()) { 
                    digitalData.page.pageInfo.breadCrumbs = 'Groceries::' + bElement;
                }
        

    var messagesDD;
    
    
	    digitalData.user = {
	        profile : {
	            profileInfo : {
	                websphereId : '',
	                deliveryPostcode: '',
	                deliveryStoreId: '',
	                deliverySlot: '',
	                deliveryCost: '',
	                deliveryOption: '',
	                deliveryType: '',
	                shoppingmode: '',
	                isSameDay: '',
	                blueMartini:''
	            }
	        } 
	    };
    
        
})();
</script><!-- END CategoriesDisplay.jsp --><div class="tooltip" id="JSTooltip" style="position: absolute; left: -999px; top: -999px;"><div class="tooltipInner">
<a href="#" class="closeTooltip" id="JSTooltipClose">Close<span class="access"> this tooltip and return to the page</span></a><div class="tooltipText" id="JSTooltipText"></div>
<div class="tooltipArrow" id="JSTooltipArrow"></div>
</div></div>
<!-- ClickTale Bottom part -->

<!-- ClickTale end of Bottom part --><script type="text/javascript" src="http://cdn.clicktale.net/www16/ptc/5ea22b8e-c62f-443c-a41b-bb50b30c6fc6.js"></script><script type="text/javascript">// Copyright 2006-2017 ClickTale Ltd., US Patent Pending
// PID: 194
// WR destination: www16
// WR version: latest
// Recording ratio: 0.1
// Generated on: 3/19/2017 2:35:39 PM (UTC 3/19/2017 7:35:39 PM)
(function (){
	var dependencyCallback;
        var scriptSyncTokens = ["wr"];
        var ct2Callback, isRecorderReady;
    var dependencies = scriptSyncTokens.slice(0);
    var clickTaleOnReadyList = window.ClickTaleOnReadyList || (window.ClickTaleOnReadyList = []);
    var indexOf = (function(){if(Array.prototype.indexOf){return function(array,value){return array.indexOf(value)}}return function(array,value){var length=array.length;for(var i=0;i<length;i++){if(array[i]===value){return i}}return -1}})();
    function isValidToken(token) {
        if (indexOf(scriptSyncTokens, token) > -1) {
            var index = indexOf(dependencies, token);

            if (index > -1) {
                dependencies.splice(index, 1);
                return true;
            }
        }

        return false;
    }

    clickTaleOnReadyList.push(function () {
        if (ct2Callback) {
            ct2Callback();
        }

        isRecorderReady = true;
    });

    window.ClickTaleGlobal = window.ClickTaleGlobal || {};
    ClickTaleGlobal.scripts = ClickTaleGlobal.scripts || {};
    ClickTaleGlobal.scripts.dependencies = {
        setDependencies: function (deps) {
            scriptSyncTokens = deps;
        },
        onDependencyResolved: function (callback) {
            dependencyCallback = callback;
        },
        notifyScriptLoaded: function (token) {
            if (isValidToken(token)) {
                if (dependencies.length === 0 && typeof dependencyCallback === "function") {
                    dependencyCallback();
                }
            }
        }
    };

    ClickTaleGlobal.scripts.integration = {
        onReady: function (callback) {
            if (isRecorderReady) {
                callback();
            }
            else {
                ct2Callback = callback;
            }
        }
    };
})();




function ClickTaleCDNHTTPSRewrite(u)
{
	try
	{
		var scripts = document.getElementsByTagName('script');
		if(scripts.length)
		{
			var script = scripts[ scripts.length - 1 ], s='https://clicktalecdn.sslcs.cdngc.net/';
			if(script.src && script.src.substr(0,s.length)==s )
				return u.replace('https://cdnssl.clicktale.net/',s);
		}
	}
	catch(e)
	{
	}
	return u;
} 

window.ClickTaleIsXHTMLCompliant = true;
if (typeof (ClickTaleCreateDOMElement) != "function")
{
	ClickTaleCreateDOMElement = function(tagName)
	{
		if (document.createElementNS)
		{
			return document.createElementNS('http://www.w3.org/1999/xhtml', tagName);
		}
		return document.createElement(tagName);
	}
}

if (typeof (ClickTaleAppendInHead) != "function")
{
	ClickTaleAppendInHead = function(element)
	{
		var parent = document.getElementsByTagName('head').item(0) || document.documentElement;
		parent.appendChild(element);
	}
}

if (typeof (ClickTaleXHTMLCompliantScriptTagCreate) != "function")
{
	ClickTaleXHTMLCompliantScriptTagCreate = function(code)
	{
		var script = ClickTaleCreateDOMElement('script');
		script.setAttribute("type", "text/javascript");
		script.text = code;
		return script;
	}
}	

var pccScriptElement = ClickTaleCreateDOMElement('script');
pccScriptElement.type = "text/javascript";
pccScriptElement.src = (document.location.protocol=='https:'?
ClickTaleCDNHTTPSRewrite('https://cdnssl.clicktale.net/www16/pcc/5ea22b8e-c62f-443c-a41b-bb50b30c6fc6.js?DeploymentConfigName=Release_20170316&Version=2'):
'http://cdn.clicktale.net/www16/pcc/5ea22b8e-c62f-443c-a41b-bb50b30c6fc6.js?DeploymentConfigName=Release_20170316&Version=2');
ClickTaleGlobal.init.isAllowed && document.body.appendChild(pccScriptElement);
	
if (typeof window.ClickTaleScriptSource == 'undefined') {
	window.ClickTaleScriptSource=(document.location.protocol=='https:'
		?ClickTaleCDNHTTPSRewrite('https://cdnssl.clicktale.net/www/')
		:'http://cdn.clicktale.net/www/');
}


// Start of user-defined pre WR code (PreLoad)
!function() { function ClickTaleMonitorSettings() { this.started = !1, this.stopCallbacks = [], this.readyCallbacks = [], this.startCallbacks = [] } function createElement(t) { if (document.documentElement.namespaceURI) try { return document.createElementNS("http://www.w3.org/1999/xhtml", t) } catch (t) {} return document.createElement(t) } function createMonitorScript(t) { var n, i; (i = document.body || document.head) && (n = createElement("script"), n.src = t, n.async = !0, n.type = "text/javascript", i.appendChild(n)) } function invokeMonitor(t, n) { var i = ClickTaleMonitorSettings.instance; if (i && i.monitor) return i.monitor[t].apply(i.monitor, n) } if (ClickTaleMonitorSettings.onReady = function(t, n) { for (var i, o = ClickTaleMonitorSettings.get(), e = o.readyCallbacks, c = e.length, r = 0; r < c; r++) e[r](); ClickTaleMonitor.Settings.get().configure({ transport: { url: "https://ir-conductor.clicktale.net/monitor" } }); o.started || (i = new ClickTaleMonitor.App(114,function(t) { o.started = !0, o.addApplication(t), o.startCallbacks.forEach(function(t) { t() }) } ,t,n), i.onStop(function(t) { o && (o.stopCallbacks.forEach(function(t) { t() }), ClickTaleMonitorSettings.instance = void 0) })) } , ClickTaleMonitorSettings.prototype.addApplication = function(t) { this.monitor = t } , ClickTaleMonitorSettings.prototype.configure = function(t) { this.config = t } , ClickTaleMonitorSettings.prototype.onStart = function(t) { this.monitor && this.monitor.isMonitoring() ? t() : this.startCallbacks.push(t) } , ClickTaleMonitorSettings.prototype.onStop = function(t) { this.stopCallbacks.push(t) } , ClickTaleMonitorSettings.prototype.onReady = function(t) { this.readyCallbacks.push(t) } , ClickTaleMonitorSettings.get = function() { return ClickTaleMonitorSettings.instance || (ClickTaleMonitorSettings.instance = new ClickTaleMonitorSettings) } , Object.defineProperty) try { Object.defineProperty(ClickTaleMonitorSettings, "config", { get: function() { return ClickTaleMonitorSettings.instance ? ClickTaleMonitorSettings.instance.config : null }, enumerable: !0, configurable: !0 }) } catch (t) {} window.ClickTaleMonitor = { stop: function() { invokeMonitor("dispose") }, restart: function(t, n) { ClickTaleMonitor.stop(), ClickTaleMonitorSettings.onReady(t, n) }, shutdown: function() { invokeMonitor("shutdown") }, addEvent: function(t) { invokeMonitor("addEvent", [t]) }, isMonitoring: function() { return !!invokeMonitor("isMonitoring") }, Settings: ClickTaleMonitorSettings }, createMonitorScript("https://cdna.clicktale.net/www/tc/monitor-1.3.9.js"); }();

//PTC Code Version 7

window.ClickTaleSettings = window.ClickTaleSettings || {};
window.ClickTaleSettings.PTC = window.ClickTaleSettings.PTC || {};
//set the following property only when there are No Load errors in recordings
//window.ClickTaleIncludedOnWindowLoad = true;
//Remove the next line if not using XHTML compliant configuration.
window.ClickTaleIncludedOnDOMReady = true;
window.ClickTaleSettings.PTC.EnableChangeMonitor = false;
window.ClickTaleSettings.PTC.UseTransport = true;
window.ClickTaleUIDCookieName = 'WRUIDAWS';

function deleteIrrelevantUIDCookies(relevant) {
    var cookieArray = document.cookie.replace(/\s+/g, '').split(";");
    var hostArray = location.host.split('.');
    var topDom = (hostArray.length <= 2 ? location.host : hostArray.slice(1).join('.'));
    for (var i = 0; i < cookieArray.length; i++) {
        var currentCookie = cookieArray[i];
        var cookieKey = currentCookie.substring(0, currentCookie.indexOf('='));
        if (cookieKey.indexOf('WRUID') > -1 && relevant.indexOf(cookieKey) == -1) {
            document.cookie = cookieKey + "='';domain=." + topDom + ";path=/;expires=Thu, 01-Jan-1970 00:00:01 GMT;";
            document.cookie = cookieKey + "='';path=/;expires=Thu, 01-Jan-1970 00:00:01 GMT;";
        }
    }
}
deleteIrrelevantUIDCookies([window.ClickTaleUIDCookieName]);

window.ClickTaleSettings.CheckAgentSupport = function (f, v) {
    if (v.t == v.IE && v.v <= 8) {
        window.ClickTaleSettings.PTC.okToRunPCC = false;
        return false;
    }
    else {
        if (!(v.t == v.IE && v.v <= 10)) {
            window.ClickTaleSettings.PTC.EnableChangeMonitor = true;
            window.ClickTaleSettings.PTC.ConfigChangeMonitor();
        }
        var fv = f(v);
        window.ClickTaleSettings.PTC.okToRunPCC = fv;
        mobileFlagForReWriteRules = false;
        if (v.m) {
            mobileFlagForReWriteRules = true;
        }
        return fv;

    }
};
window.ClickTaleSettings.Persistence = {
    EnableStorage: true,
    EnableStreams: true,
    EnableDispatch: true,
    AutoDispatch: true, //v.15.2 and above; default is true, when false message will be dispatched when calling ClickTaleDispatchPersistedMessages -
    Providers: ["hybrid"] //v.15.2 and above; can also be: "indexedDB" or "localStorage"
};

window.ClickTaleSettings.Protocol = {
    Method: "ImpactRecorder"
};

window.ClickTaleSettings.Proxy = {
    WR: "ir-ing-district.clicktale.net/ctn_v2/",
    ImageFlag: "ir-ing-district.clicktale.net/ctn_v2/"
};

window.ClickTaleSettings.PTC.RulesObj = [{
    selector: "input[type=\"text\"], input[type=\"tel\"], input[type=\"email\"]",
    changeMon: {
        Attributes: ['value'],
        Text: false
    },
    rewriteApi: {
        Attributes: ['value'],
        Text: false
    }
}, {
    selector: ".orderDetail div.adr>div,.orderDetail dd.noMargin,.orderDetail dd:last-child,table.checkout tr:last-child a , a.loggedInContactName,.hello strong,.adr .street-address,.adr .region,.adr .postal-code",
    changeMon: {
        Attributes: false,
        Text: true
    },
    rewriteApi: {
        Attributes: false,
        Text: true
    }
}, {
    selector: ".orderNumber+.orderSummary dt",
    changeMon: {
        Attributes: false,
        Text: true
    },
    rewriteApi: {
        Attributes: false,
        Text: true
    },
    location: {
        prop: 'pathname',
        search: /\/sol\/my_account\/(scheduled|previous)_orders\.jsp/i
    }
}, {
    selector: "table.orders>tbody>tr>td:first-child",
    changeMon: {
        Attributes: false,
        Text: true
    },
    rewriteApi: {
        Attributes: false,
        Text: true
    },
    location: {
        prop: 'pathname',
        search: /\/sol\/my_account\/myorders\.jsp/i
    }
}];

window.ClickTaleSettings.PTC.RulesObjRemoveEls = [
];

; (function () {
    if (typeof window.ClickTalePIISelector === 'string' && window.ClickTalePIISelector != '') {
        try {
            var domNodes = document.querySelectorAll(window.ClickTalePIISelector);
            if (domNodes) {
                window.ClickTaleSettings.PTC.RulesObj.push({
                    selector: window.ClickTalePIISelector,
                    changeMon: {
                        Attributes: ['value'],
                        Text: true
                    },
                    rewriteApi: {
                        Attributes: ['value'],
                        Text: true
                    }
                });
            }
        }
        catch (err) {
        }
    }
})();

window.ClickTaleSettings.PTC.cloneNodeIE9 = function (node) {
    var clone = node.nodeType === 3 ? document.createTextNode(node.nodeValue) : node.cloneNode(false);

    var child = node.firstChild;
    while (child) {
        if (child.nodeName !== 'SCRIPT') {
            clone.appendChild(window.ClickTaleSettings.PTC.cloneNodeIE9(child));
        }
        else {
            var script = document.createElement('script');
            clone.appendChild(script);
        }
        child = child.nextSibling;
    }

    return clone;
};

window.ClickTaleSettings.PTC.ConfigChangeMonitor = function () {

    if (window.ClickTaleSettings.PTC.EnableChangeMonitor) {
        window.ClickTaleSettings.XHRWrapper = {
            Enable: false
        };

        var script = document.createElement("SCRIPT");
        script.src = (document.location.protocol === "https:" ? "https://cdnssl." : "http://cdn.") + "clicktale.net/www/ChangeMonitor-latest.js";
        document.body.appendChild(script);

        window.ClickTaleSettings.ChangeMonitor = {
            Enable: true,
            LiveExclude: true,
            AddressingMode: "id",
            OnReadyHandler: function (changeMonitor) {
                changeMonitor.observe();
            },
            OnBeforeReadyHandler: function (settings) {
                settings.Enable = window.ClickTaleGetUID ? !!ClickTaleGetUID() : false;
                return settings;
            },
            PII: {
                Text: [
                    {
                        selector: ".infoTable tbody tr td",
                        transform: function (el) {
                            var newParentNode = el;
                            var counter = 0
                            var needToMask = false;
                            var text = el.textContent;

                            while (newParentNode.nodeName.toLowerCase() != 'tr' && newParentNode.nodeName.toLowerCase() != 'body' && counter < 7) {
                                counter++;
                                if (newParentNode.parentNode) {
                                    newParentNode = newParentNode.parentNode;
                                }
                            }
                            if (newParentNode.nodeName.toLowerCase() == 'tr') {
                                if (newParentNode.textContent.toLowerCase().indexOf('delivery address') > -1) {
                                    needToMask = true;
                                }
                            }

                            if (needToMask) {
                                return text.replace(/\w/g, '-');
                            }
                            else {
                                return text;
                            }
                        }
                    },
					{
					    selector: ".addressList li", // Masking changes that happen to reserved delivery time and address box when changing delivery slot
					    transform: function (el) {
					        return "-------";
					    }
					},
                    {
                        selector: "select#Shipping_selectAddress option", // Masking changes that happen to shiping select address
                        transform: function (el) {
                            var text = el.textContent;
                            return text.replace(/\w/g, '-');
                        }
                    },
                    {
                        selector: 'select[name="listOfPaymentInstructions"] option', // Masking changes that happen to list Of Payment Instructions
                        transform: function (el) {
                            var text = el.textContent;
                            return text.replace(/\w/g, '-');
                        }
                    }
                    ,
                    {
                        selector: 'span.postcode', // Masking changes that happen to postcode when the popup appear
                        transform: function (el) {
                            var text = el.textContent;
                            return text.replace(/\w/g, '-');
                        }
                    }
                ],
                Attribute: [
                    {
                        selector: "select#expiryMonth option",
                        transform: function (el) {
                            var attrs = el.attributes;
                            var attrsToReturn = {}
                            for (var i = 0; i < attrs.length; i++) {
                                var name = attrs[i].nodeName;
                                attrsToReturn[name] = attrs[i].nodeValue;
                            }
                            attrsToReturn['value'] = '--';
                            return attrsToReturn;
                        }
                    },
                    {
                        selector: "select#expiryYear option",
                        transform: function (el) {
                            var attrs = el.attributes;
                            var attrsToReturn = {}
                            for (var i = 0; i < attrs.length; i++) {
                                var name = attrs[i].nodeName;
                                attrsToReturn[name] = attrs[i].nodeValue;
                            }
                            attrsToReturn['value'] = '--';
                            return attrsToReturn;
                        }
                    },
                    {
                        selector: "select#Billing_selectAddress option",
                        transform: function (el) {
                            var attrs = el.attributes;
                            var attrsToReturn = {}
                            for (var i = 0; i < attrs.length; i++) {
                                var name = attrs[i].nodeName;
                                attrsToReturn[name] = attrs[i].nodeValue;
                            }
                            attrsToReturn['value'] = '---------------';
                            return attrsToReturn;
                        }
                    }
                ]
            },
            Filters: {
                MaxBufferSize: 1500000,
                MaxElementCount: 30000,
                Before: [function (mutations) {
                    if (typeof ClickTaleSettings.PTC.CMBeforeFilter === 'function') {
                        return ClickTaleSettings.PTC.CMBeforeFilter(mutations);
                    }
                    return true;
                }
                ]
            }
        }
        var RulesObj = window.ClickTaleSettings.PTC.RulesObj;
        if (RulesObj) {
            window.ClickTaleSettings.ChangeMonitor.PII.Text = window.ClickTaleSettings.ChangeMonitor.PII.Text || [];
            window.ClickTaleSettings.ChangeMonitor.PII.Attributes = window.ClickTaleSettings.ChangeMonitor.PII.Attributes || [];
            for (var i = 0; i < RulesObj.length; i++) {
                var CMrule = RulesObj[i]['changeMon'];
                var CMlocation = RulesObj[i]['location'];
                if (!CMrule || (CMlocation && document.location[CMlocation['prop']].toLowerCase().search(CMlocation.search) === -1)) {
                    continue;
                }
                var selector = RulesObj[i]['selector'];
                var attributesArr = CMrule.Attributes;
                if (attributesArr instanceof Array) {
                    for (var u = 0; u < attributesArr.length; u++) {
                        var attr = attributesArr[u];
                        window.ClickTaleSettings.ChangeMonitor.PII.Attributes.push({
                            selector: selector,
                            transform: (function (attr) {
                                return function (el) {
                                    var attrs = el.attributes;
                                    var attrsToReturn = {}
                                    for (var i = 0; i < attrs.length; i++) {
                                        var name = attrs[i].nodeName;
                                        attrsToReturn[name] = attrs[i].nodeValue;
                                    }
                                    var attrib = el.getAttribute(attr);;
                                    if (typeof attrib === 'string') {
                                        attrsToReturn[attr] = attrib.replace(/\w/g, '-');
                                    }
                                    return attrsToReturn;
                                }
                            })(attr)
                        });
                    }
                }
                if (CMrule.Text) {
                    window.ClickTaleSettings.ChangeMonitor.PII.Text.push({
                        selector: selector,
                        transform: function (el) {
                            return el.textContent.replace(/\w/g, '-');
                        }
                    });
                }
            }
        }
    }
};

window.ClickTaleSettings.Compression = {
    Method: function () {
        return "deflate";
    }
};

window.ClickTaleSettings.Transport = {
    Legacy: false,
    MaxConcurrentRequests: 5
};

window.ClickTaleSettings.RewriteRules = {
    OnBeforeRewrite: function (rewriteApi) {
        var bodyClone = ((document.documentMode && document.documentMode <= 9) ? ClickTaleSettings.PTC.cloneNodeIE9(document.documentElement) : document.documentElement.cloneNode(true));

        if (window.ClickTaleSettings.PTC.RulesObj) {
            rewriteApi.add(function (buffer) {


                var RulesObj = window.ClickTaleSettings.PTC.RulesObj;
                for (var i = 0; i < RulesObj.length; i++) {
                    var rewriteApirule = RulesObj[i]['rewriteApi'];
                    var rewriteApilocation = RulesObj[i]['location'];
                    if (!rewriteApirule || (rewriteApilocation && document.location[rewriteApilocation['prop']].toLowerCase().search(rewriteApilocation.search) === -1)) {
                        continue;
                    }
                    var selector = RulesObj[i]['selector'];
                    var elements = bodyClone.querySelectorAll(selector);

                    Array.prototype.forEach.call(elements, function (el, ind) {
                        var attributesArr = rewriteApirule.Attributes;
                        if (attributesArr instanceof Array) {

                            for (var u = 0; u < attributesArr.length; u++) {
                                var attr = attributesArr[u];
                                var attrib = el.getAttribute(attr);
                                if (typeof attrib === 'string') {
                                    el.setAttribute(attr, attrib.replace(/\w/g, '-'));
                                }
                            }

                        }
                        if (rewriteApirule.Text) {
                            var children = el.childNodes;
                            Array.prototype.forEach.call(children, function (child) {
                                if (child && child.nodeType === 3) {
                                    child.textContent = child.textContent.replace(/\w/g, '-');
                                }
                            });
                        }
                    });
                }

                //work on body
                var RulesObjRemoveEls = window.ClickTaleSettings.PTC.RulesObjRemoveEls;
                if (RulesObjRemoveEls) {
                    for (var i = 0; i < RulesObjRemoveEls.length; i++) {
                        if (RulesObjRemoveEls[i].rewriteApi) {
                            var elementsToRemove = bodyClone.querySelectorAll(RulesObjRemoveEls[i].rewriteApi);
                            Array.prototype.forEach.call(elementsToRemove, function (el, ind) {
                                if (el.parentNode) {
                                    el.parentNode.removeChild(el);
                                }
                            });
                        }
                        if (RulesObjRemoveEls[i].rewriteApiReplace) {
                            var elementsToReplace = bodyClone.querySelectorAll(RulesObjRemoveEls[i].rewriteApiReplace);
                            Array.prototype.forEach.call(elementsToReplace, function (el, ind) {
                                if (el.parentNode) {
                                    var comment = document.createComment(el.outerHTML);
                                    el.parentNode.replaceChild(comment, el);
                                }
                            });
                        }
                    }
                }

                buffer = buffer.replace(/(<body[^>]*>)[\s\S]*?<\/body>/gi, function (m, g1) {
                    if (g1) {
                        return g1 + bodyClone.innerHTML.replace(/<script\b([^>]*)>([\s\S]*?)<\/script>/gi, '<script><\/script>').replace(/(<div id="?ClickTaleDiv"?[^>]+>)\s*<script[^>]+><\/script>\s*(<\/div>)/i, '$1$2') + '<\/body>';
                    }
                    return m;
                });

                return buffer;
            });
        }
        rewriteApi.add({
            pattern: /(<head[^>]*>)/i,
            replace: '$1<script type="text\/javascript" class="cm-ignore" src="http:\/\/dummytest.clicktale-samples.com\/GlobalResources\/jquery.js"><\/script>'
        });
        rewriteApi.add(function (buffer) {
            buffer = buffer.replace(/(<div[^>]*id="deliveryInfoPanel"[^>]*>[\s\S]*?<span[^>]*class="postcode"[^>]*>)([^"]+?)(<\/span>)/i, function (m, g1, g2, g3) {
                if (g1 && g2 && g3) {
                    return g1 + g2.replace(/\w/g, '-') + g3;
                }
                return m;
            });
            return buffer;
        });
        //Masking PII cases for SAIN-31



        rewriteApi.add(function (buffer) { //delivery address (at the delivering information box) - accross the site t = 0.000469953
            buffer = buffer.replace(/(span[^>]*class="postcode">)([\s\S]+?)(<\/span>)/i, function (m, g1, g2, g3) {
                if (g1 && g2 && g3) {
                    if (g2.indexOf('fulfilmentLocation') > -1) {
                        return m;
                    }
                    return g1 + g2.replace(/\w/g, '-') + g3;
                }
                return m;

            });
            return buffer;
        });
        rewriteApi.add(function (buffer) { //delivery address (at the delivering information box) - accross the site t = 0.000469953
            buffer = buffer.replace(/(a[^>]*class="fulfilmentLocation"[^>]*>)([\s\S]+?)(<\/a>)/i, function (m, g1, g2, g3) {
                if (g1 && g2 && g3) {
                    return g1 + g2.replace(/\w/g, '-') + g3;
                }
                return m;

            });
            return buffer;
        });

        rewriteApi.add(function (buffer) { //address details at Delivery Page t = 0.001250125
            buffer = buffer.replace(/(<ul[^>]*addressList[^>]*>)([\s\S]+?)(<\/ul>)/i, function (m, g1, g2, g3) {
                if (g1 && g2 && g3) {
                    return g1 + g2.replace(/(<li[^>]*?>)([\s\S]+?)(<\/li)/img, '$1----$3') + g3;
                }
                return m;

            });
            return buffer;
        });

        rewriteApi.add(function (buffer) { // Masking changes that happen to billing select address 0.0009
            buffer = buffer.replace(/(<select[^>]*Billing_selectAddress[^>]*>)([\s\S]+?)(<\/select>)/i, function (m, g1, g2, g3) {
                if (g1 && g2 && g3) {
                    return g1 + g2.replace(/(<option[^>]*>)([\s\S]+?)(<\/option>)/img, '$1----------$3') + g3;
                }
                return m;

            });
            return buffer;
        });
        rewriteApi.add(function (buffer) { // Masking changes that happen to shiping select address 0.0008
            buffer = buffer.replace(/(<select[^>]*Shipping_selectAddress[^>]*>)([\s\S]+?)(<\/select>)/i, function (m, g1, g2, g3) {
                if (g1 && g2 && g3) {
                    return g1 + g2.replace(/(<option[^>]*>)([\s\S]+?)(<\/option>)/img, '$1----------$3') + g3;
                }
                return m;

            });
            return buffer;
        });
        rewriteApi.add(function (buffer) { // Masking changes that happen to list Of Payment Instructions 0.00038
            buffer = buffer.replace(/(<select[^>]*name="listOfPaymentInstructions"[^>]*>)([\s\S]+?)(<\/select>)/i, function (m, g1, g2, g3) {
                if (g1 && g2 && g3) {
                    return g1 + g2.replace(/(<option[^>]*>)([\s\S]+?)(<\/option>)/img, '$1----------$3') + g3;
                }
                return m;

            });
            return buffer;
        });

        rewriteApi.add(function (buffer) { // Masking changes that happen to list Of Payment Instructions 0.00038
            buffer = buffer.replace(/(<input[^>]*id="cardNumber"[^>]*value=")([^"]*)("[^>]*>)/i, function (m, g1, g2, g3) {
                if (g1 && g2 && g3) {
                    return g1 + g2.replace(/[\w\W]/mig, '-') + g3;
                }
                return m;

            });
            return buffer;
        });

        rewriteApi.add(function (buffer) { // Masking changes that happen to credit card expire date - year -  0.000320032
            buffer = buffer.replace(/(<select[^>]*id="expiryYear"[^>]*>[\s\S]*?<option[^>]*selected[^>]*>)([\s\S]*?)(<\/option>)/i, function (m, g1, g2, g3) {
                if (g1 && g2 && g3) {
                    return g1 + g2.replace(/[\w\W]/ig, '-') + g3;
                }
                return m;

            });
            return buffer;
        });

        rewriteApi.add(function (buffer) { // Masking changes that happen to credit card expire date - month -  0.000320032
            buffer = buffer.replace(/(<select[^>]*id="expiryMonth"[^>]*>[\s\S]*?<option[^>]*selected[^>]*>)([\s\S]*?)(<\/option>)/i, function (m, g1, g2, g3) {
                if (g1 && g2 && g3) {
                    return g1 + g2.replace(/[\w\W]/ig, '-') + g3;
                }
                return m;

            });
            return buffer;
        });

        rewriteApi.add(function (buffer) { //user name t = 0.000720072
            buffer = buffer.replace(/(<p[^>]*homepageGreeting[^>]*>)([\s\S]+?)(<\/p>)/i, function (m, g1, g2, g3) {
                if (g1 && g2 && g3) {
                    return g1 + g2.replace(/\w/g, '-') + g3;
                }
                return m;

            });
            return buffer;
        });

        if (document.location.pathname && (document.location.pathname.indexOf("/webapp/wcs/stores/servlet/OrderBillingView") > -1)) {//Checkout page, delivery details

            rewriteApi.add(function (buffer) { //t = 0.001250125
                buffer = buffer.replace(/(<a[^>]*?servlet\/MyAddress[^>]*?>)([\s\S]*?)(<)/i, function (m, g1, g2, g3) {
                    if (g1 && g2 && g3) {
                        return g1 + g2.replace(/\w/g, '-') + g3;
                    }
                    return m;
                });
                return buffer;
            });

        } else if (document.location.pathname && (document.location.pathname.indexOf("webapp/wcs/stores/servlet/OrderShippingBillingConfirmationView") > -1)) {//Checkout page, delivery details

            rewriteApi.add(function (buffer) { //Email to which the confirmation will be sent t = 0.000730073
                buffer = buffer.replace(/(emailed to[\s\S]+?)(<\/strong>)([\s\S]+?)(<\/p>)/i, function (m, g1, g2, g3, g4) {
                    if (g1 && g2 && g3 && g4) {
                        return g1 + g2 + g3.replace(/\w/g, '-') + g4;
                    }
                    return m;
                });
                return buffer;
            });

            rewriteApi.add(function (buffer) { //Order number t = 0.000420042
                buffer = buffer.replace(/(checkoutNumberConfirmation[\s\S]+?)(<strong>)([\s\S]+?)(<\/strong>)/i, function (m, g1, g2, g3, g4) {
                    if (g1 && g2 && g3 && g4) {
                        return g1 + g2 + g3.replace(/\w/g, '-') + g4;
                    }
                    return m;
                });
                return buffer;
            });

            rewriteApi.add(function (buffer) { //Delivery address t = 0.00070007
                buffer = buffer.replace(/(Delivery address[\s\S]+?)(<td>)([\s\S]+?)(<\/td>)/i, function (m, g1, g2, g3, g4) {
                    if (g1 && g2 && g3 && g4) {
                        return g1 + g2 + g3.replace(/\w/g, '-') + g4;
                    }
                    return m;
                });
                return buffer;
            });
            rewriteApi.add(function (buffer) { //order id  t = 0.000730073
                buffer = buffer.replace(/(<div[^>]*id="orderAmendRHSPanel"[^>]*>[\s\S]*?<a[^>]*onclick="[^"]*\/servlet\/OrderSummaryDisplay[^"]*[^>]*>)([\s\S]*?)(<\/a>)/i, function (m, g1, g2, g3) {
                    if (g1 && g2 && g3) {
                        return g1 + g2.replace(/\w/g, '-') + g3;
                    }
                    return m;
                });
                return buffer;
            });

        }
        // SAIS-7

        if (mobileFlagForReWriteRules) {
            if (document.location.href.indexOf('tustorefront/my-account') > -1) {
                rewriteApi.add({
                    pattern: /(class="addressHead">)([\s\S]*?)(<\/[\s\S]*?">)([\s\S]*?)(<\/div>)/i,
                    replace: '$1********$3********$5'
                });
                rewriteApi.add({
                    pattern: /(accountDeliveryName">)[\s\S]*?(<\/ul>)/gmi,
                    replace: '$1********<\/li><li>*****<\/li><li>*****<\/li><li>*****<\/li><li>*****<\/li>$2'
                });
            }
        }
        //My Account
        if (document.location.href.indexOf('https://tuclothing.sainsburys.co.uk/tustorefront/my-account') > -1) {
            // Works for Desktop+Mobile
            rewriteApi.add({
                pattern: /(class="feature-banner-text"[\s\S]*?<(h4|h2)>)([\s\S]*?)(<\/h)/i,
                replace: '$1********$4'
            });
            //Order details
            rewriteApi.add({
                pattern: /(<div class="stage[\s\S]*?<\/h3>)([\s\S]*?)(<\/div>)/gmi,
                replace: '$1********$3'
            });
            // For address book
            rewriteApi.add({
                pattern: /(id="address_book"[\s\S]+<th>)([\s\S]*?)(<\/th>[\s\S]*?<td>)([\s\S]*?)(<\/td>)/i,
                replace: '$1********$3*********$5'
            });

        } else if (document.location.href.indexOf('https://tuclothing.sainsburys.co.uk/tustorefront/checkout/multi/choose-delivery-method') > -1) {
            rewriteApi.add({
                pattern: /(<input id="continue"[\s\S]*?<td>)([\s\S]*?)(<\/td>)/gmi,
                replace: '$1********$3'
            });
        } else if (document.location.href.indexOf('tustorefront/checkout/multi/orderSummary') > -1) {
            rewriteApi.add({
                pattern: /(<p class="delivery-name">)([\s\S]*?)(<\/p>)/i,
                replace: '$1 ***,***, ***, ***, ***$3'
            });
        }
        rewriteApi.add({
            pattern: /(class="logged_in">Hello )[\s\S]*?(<\/li>)/gmi,
            replace: '$1********$3'
        });
    }
};

// End of user-defined pre WR code


window.ClickTalePrevOnReady = typeof window.ClickTaleOnReady == 'function' ? window.ClickTaleOnReady : void 0;

window.ClickTaleOnReady = function() {
	var PID=194, 
		Ratio=0.1, 
		PartitionPrefix="www16",
		SubsId=232923;
	
	if (window.navigator && window.navigator.loadPurpose === "preview") {
       return;
	};
		
	
	// Start of user-defined header code (PreInitialize)
	if (typeof ClickTaleSetAllSensitive === "function") {
    ClickTaleSetAllSensitive();
}

function isVisible(element){
    if(element){
        return (element.offsetWidth > 0 || element.offsetHeight > 0 || element.getClientRects().length > 0);
    } else return false;
}
window.ClickTaleSettings.PTC.InitFuncs = window.ClickTaleSettings.PTC.InitFuncs || [];
window.ClickTaleSettings.PTC.InitFuncs.push(function() {
    var pcc = document.querySelector('script[src*="clicktale"][src*="pcc"]');
    if (pcc) {
        var versionmatch = pcc.src.match(/DeploymentConfigName=(.+)/i);
        if (versionmatch && typeof ClickTaleExec === 'function') {
            ClickTaleExec("console.info('" + versionmatch[0] + "');");
            ClickTaleEvent("Config: " + versionmatch[1].replace(/\&.+/, ''));
        }
    }
});

function doUpload() {
    ClickTaleUploadPage();
    window.ClickTaleSSL = 1;
    ClickTale(PID, Ratio, PartitionPrefix);
    if ((typeof ClickTalePrevOnReady == 'function') && (ClickTaleOnReady.toString() != ClickTalePrevOnReady.toString())) {
        ClickTalePrevOnReady();
    }
}

function isReadyToRecord() {
    if (document.location.pathname === "/") {
        return isVisible(document.querySelectorAll('.slick-track')[0]);
    }
    else if(document.location.pathname === "/shop/gb/groceries"){
        return isVisible(document.querySelectorAll(".es-border-box")[0]);
    }
    return true;
}

function doOnlyWhen(toDoHandler, toCheckHandler, interval, times, failHandler) {
    if ((!toDoHandler) || (!toCheckHandler)) return;
    if (typeof interval == "undefined") interval = 1000;
    if (typeof times == "undefined") times = 20;
    if (--times < 0) {
        if (typeof failHandler === 'function') {
            failHandler();
        }
        return;
    }
    if (toCheckHandler()) {
        toDoHandler();
        return;
    }
    setTimeout(function () { doOnlyWhen(toDoHandler, toCheckHandler, interval, times, failHandler); }, interval);
};

if (typeof ClickTaleUploadPage === 'function' && window.ClickTaleSettings.PTC.UseTransport) {
    if(window.ClickTaleSettings.PTC.EnableChangeMonitor){
		if (typeof ClickTaleEvent === "function") {
					ClickTaleEvent("CM");
		}
	}
    doOnlyWhen(doUpload, isReadyToRecord, 300, 20, doUpload);
    var initFuncs = window.ClickTaleSettings.PTC.InitFuncs;
    for (var i = 0, initLen = initFuncs.length; i < initLen; i++) {
        if (typeof initFuncs[i] === 'function') {
            initFuncs[i]();
        }
    }
    return;
}

	// End of user-defined header code (PreInitialize)
    
	
	window.ClickTaleIncludedOnDOMReady=true;
	
	ClickTaleGlobal.init.isAllowed && ClickTale(PID, Ratio, PartitionPrefix, SubsId);
	
	if((typeof ClickTalePrevOnReady == 'function') && (ClickTaleOnReady.toString() != ClickTalePrevOnReady.toString()))
	{
    	ClickTalePrevOnReady();
	}
	
	
	// Start of user-defined footer code
	
	// End of user-defined footer code
	
}; 
(function() {
	var div = ClickTaleCreateDOMElement("div");
	div.id = "ClickTaleDiv";
	div.style.display = "none";
	document.body.appendChild(div);

	
	
	var wrScript = ClickTaleCreateDOMElement("script"),
		wrSrc = (document.location.protocol=='https:' ? 'https://cdnssl.clicktale.net/www/' : 'http://cdn.clicktale.net/www/') + 'tc/WR-latest.js';
	wrScript.src = (window.ClickTaleCDNHTTPSRewrite ? ClickTaleCDNHTTPSRewrite(wrSrc) : wrSrc);
	wrScript.type = 'text/javascript';
		wrScript.async = true;
		ClickTaleGlobal.init.isAllowed && document.body.appendChild(wrScript);
})();





!function(){function t(){window.addEventListener&&addEventListener("message",e,!1)}function e(t){var e,o=new RegExp("(clicktale.com|qa-core.app.clicktale.com)($|:)"),c=new RegExp("qa-core.app.clicktale.com"),i=!1,a=t.origin;try{e=JSON.parse(t.data)}catch(l){return}o.test(t.origin)!==!1&&(window.ct_ve_parent_window=t.source,c.test(t.origin)===!0&&(i=!0),"CTload_ve"===e["function"]&&"function"==typeof ClickTaleGetPID&&null!==ClickTaleGetPID()&&n(a,i))}function o(t){return document.createElementNS?document.createElementNS("http://www.w3.org/1999/xhtml",t):document.createElement(t)}function n(t,e){var n=o("script");n.setAttribute("type","text/javascript"),n.setAttribute("id","ctVisualEditorClientModule");var c;c=e?document.location.protocol+"//qa-core.app.clicktale.com/VisualEditor/Client/dist/veClientModule.js":document.location.protocol+"//"+t.match(/subs\d*/)[0]+".app.clicktale.com/VisualEditor/Client/dist/veClientModule.js",n.src=c,document.getElementById("ctVisualEditorClientModule")||document.body.appendChild(n)}try{var c=window.chrome,i=window.navigator&&window.navigator.vendor;null!==c&&void 0!==c&&"Google Inc."===i&&t()}catch(a){}}();</script><script type="text/javascript" src="http://cdn.clicktale.net/www16/pcc/5ea22b8e-c62f-443c-a41b-bb50b30c6fc6.js?DeploymentConfigName=Release_20170316&amp;Version=2"></script><script src="https://cdna.clicktale.net/www/tc/monitor-1.3.9.js" async="" type="text/javascript"></script><div id="ClickTaleDiv" style="display: none;"></div>
<script src="http://cdn.clicktale.net/www/tc/WR-latest.js" type="text/javascript" async=""></script><script src="http://cdn.clicktale.net/www/ChangeMonitor-latest.js"></script><iframe src="//reporting.sainsburys-online.com/cgi-bin/rr/blank.gif?nourl=www.sainsburys.co.uk/webapp/wcs/stores/servlet/gb/groceries/chilled-/fresh-pasta-and-sauce-fresh-pasta" height="0" width="0" style="display:none;"></iframe>
</body>
</html>
