<!DOCTYPE html>
<html class="js dj_webkit dj_safari dj_contentbox" xmlns:wairole="http://www.w3.org/2005/01/wai-rdf/GUIRoleTaxonomy#" xmlns:waistate="http://www.w3.org/2005/07/aaa" lang="en" xml:lang="en">
<!-- BEGIN CategoriesDisplay.jsp --><head>
<meta http-equiv="Content-Type" content="text/html; charset=UTF-8">
<title>Snacking fruit &amp; nuts | Sainsbury's</title>
<meta name="description" content="Buy Snacking fruit &amp; nuts online from Sainsbury's, the same great quality, freshness and choice you'd find in store. Choose from 1 hour delivery slots and collect Nectar points.">
<meta name="keyword" content="">
<link rel="canonical" href="http://www.sainsburys.co.uk/shop/gb/groceries/food-cupboard/snacking-fruit-nuts">
<!-- BEGIN CommonCSSToInclude.jspf --><!--[if IE 8]>
    <link type="text/css" href="http://c1.sainsburys.co.uk/wcsstore7.20.1.145/SainsburysStorefrontAssetStore/css/main-ie8.min.css" rel="stylesheet" media="all" />
	<![endif]--><!--[if !IE 8]><!--><link type="text/css" href="http://c1.sainsburys.co.uk/wcsstore7.20.1.145/SainsburysStorefrontAssetStore/css/main.min.css" rel="stylesheet" media="all">
<!--<![endif]--><link type="text/css" href="http://c1.sainsburys.co.uk/wcsstore7.20.1.145/SainsburysStorefrontAssetStore/wcassets/groceries/css/espot.css" rel="stylesheet" media="all">
<link type="text/css" href="http://c1.sainsburys.co.uk/wcsstore7.20.1.145/SainsburysStorefrontAssetStore/css/print.css" rel="stylesheet" media="print">
<!-- END CommonCSSToInclude.jspf --><!-- BEGIN CommonJSToInclude.jspf --><meta name="CommerceSearch" content="storeId_10151">
<script type="text/javascript" src="http://www.ist-track.com/ContainerJavaScript.ashx?id=05B9FE83-74B1-43EB-B589-1CFE77B68E2C"></script><script type="text/javascript" src="http://tracker.marinsm.com/tracker/async/529av24112.js"></script><script type="text/javascript" src="https://www.googleadservices.com/pagead/conversion_async.js"></script><script type="text/javascript" src="https://connect.facebook.net/en_US/fbevents.js"></script><script type="text/javascript" src="//s.thebrighttag.com/tag?site=sp0XdVN&amp;H=2ltumm5&amp;cf=645150%2C969119%2C1501197%2C3868479&amp;mode=v1"></script><script type="text/javascript" src="http://s.btstatic.com/BrightTag.jquery-1.5.1.js"></script><script type="text/javascript" src="//www.gstatic.com/attribution/collection/attributiontools.js"></script><script type="text/javascript" src="//s.btstatic.com/lib/0aa48296ca7b6182261af570d7367f790c666cd4.js?v=2"></script><script type="text/javascript" src="//s.btstatic.com/lib/32da0331f93c723a43b2e19faddf77b41f99d326.js?v=2"></script><script type="text/javascript" src="//s.btstatic.com/lib/0bf5d7aa6f82472c841c09fb805f6ccb726da921.js?v=2"></script><script type="text/javascript" src="//s.btstatic.com/lib/525a43d946bca9c8f07bfcc56a1feb3d26d65ccb.js?v=2"></script><script type="text/javascript" src="//s.thebrighttag.com/tag?site=sp0XdVN&amp;H=2ltumm5"></script><script async="" src="//s.btstatic.com/tag.js#site=sp0XdVN"></script><script type="text/javascript" charset="utf-8" src="http://c1.sainsburys.co.uk/wcsstore7.20.1.145/SainsburysStorefrontAssetStore/js/dojo.1.7.1/dojo/fx/easing.js"></script><script type="text/javascript" charset="utf-8" src="http://c1.sainsburys.co.uk/wcsstore7.20.1.145/SainsburysStorefrontAssetStore/js/dojo.1.7.1/dojo/NodeList-traverse.js"></script><script type="text/javascript" charset="utf-8" src="http://c1.sainsburys.co.uk/wcsstore7.20.1.145/SainsburysStorefrontAssetStore/js/dojo.1.7.1/dojox/NodeList/delegate.js"></script><script type="text/javascript" charset="utf-8" src="http://c1.sainsburys.co.uk/wcsstore7.20.1.145/SainsburysStorefrontAssetStore/js/dojo.1.7.1/dojo/hash.js"></script><script type="text/javascript" charset="utf-8" src="http://c1.sainsburys.co.uk/wcsstore7.20.1.145/SainsburysStorefrontAssetStore/js/dojo.1.7.1/dojox/html/entities.js"></script><script type="text/javascript" charset="utf-8" src="http://c1.sainsburys.co.uk/wcsstore7.20.1.145/SainsburysStorefrontAssetStore/js/dojo.1.7.1/dojo/parser.js"></script><script type="text/javascript" charset="utf-8" src="http://c1.sainsburys.co.uk/wcsstore7.20.1.145/SainsburysStorefrontAssetStore/js/dojo.1.7.1/dijit/layout/AccordionContainer.js"></script><script type="text/javascript" charset="utf-8" src="http://c1.sainsburys.co.uk/wcsstore7.20.1.145/SainsburysStorefrontAssetStore/js/dojo.1.7.1/dijit/layout/ContentPane.js"></script><script type="text/javascript" charset="utf-8" src="http://c1.sainsburys.co.uk/wcsstore7.20.1.145/SainsburysStorefrontAssetStore/js/dojo.1.7.1/dojox/widget/AutoRotator.js"></script><script type="text/javascript" charset="utf-8" src="http://c1.sainsburys.co.uk/wcsstore7.20.1.145/SainsburysStorefrontAssetStore/js/dojo.1.7.1/dojox/widget/rotator/Fade.js"></script><script type="text/javascript" charset="utf-8" src="http://c1.sainsburys.co.uk/wcsstore7.20.1.145/SainsburysStorefrontAssetStore/js/dojo.1.7.1/dojo/fx.js"></script><script type="text/javascript" charset="utf-8" src="http://c1.sainsburys.co.uk/wcsstore7.20.1.145/SainsburysStorefrontAssetStore/js/dojo.1.7.1/dojo/_base/url.js"></script><script type="text/javascript" charset="utf-8" src="http://c1.sainsburys.co.uk/wcsstore7.20.1.145/SainsburysStorefrontAssetStore/js/dojo.1.7.1/dojo/date/stamp.js"></script><script type="text/javascript" charset="utf-8" src="http://c1.sainsburys.co.uk/wcsstore7.20.1.145/SainsburysStorefrontAssetStore/js/dojo.1.7.1/dijit/focus.js"></script><script type="text/javascript" charset="utf-8" src="http://c1.sainsburys.co.uk/wcsstore7.20.1.145/SainsburysStorefrontAssetStore/js/dojo.1.7.1/dijit/_base/manager.js"></script><script type="text/javascript" charset="utf-8" src="http://c1.sainsburys.co.uk/wcsstore7.20.1.145/SainsburysStorefrontAssetStore/js/dojo.1.7.1/dijit/_Widget.js"></script><script type="text/javascript" charset="utf-8" src="http://c1.sainsburys.co.uk/wcsstore7.20.1.145/SainsburysStorefrontAssetStore/js/dojo.1.7.1/dijit/_Container.js"></script><script type="text/javascript" charset="utf-8" src="http://c1.sainsburys.co.uk/wcsstore7.20.1.145/SainsburysStorefrontAssetStore/js/dojo.1.7.1/dijit/_TemplatedMixin.js"></script><script type="text/javascript" charset="utf-8" src="http://c1.sainsburys.co.uk/wcsstore7.20.1.145/SainsburysStorefrontAssetStore/js/dojo.1.7.1/dijit/_CssStateMixin.js"></script><script type="text/javascript" charset="utf-8" src="http://c1.sainsburys.co.uk/wcsstore7.20.1.145/SainsburysStorefrontAssetStore/js/dojo.1.7.1/dijit/layout/StackContainer.js"></script><script type="text/javascript" charset="utf-8" src="http://c1.sainsburys.co.uk/wcsstore7.20.1.145/SainsburysStorefrontAssetStore/js/dojo.1.7.1/dojo/text.js"></script><script type="text/javascript" charset="utf-8" src="http://c1.sainsburys.co.uk/wcsstore7.20.1.145/SainsburysStorefrontAssetStore/js/dojo.1.7.1/dijit/layout/_ContentPaneResizeMixin.js"></script><script type="text/javascript" charset="utf-8" src="http://c1.sainsburys.co.uk/wcsstore7.20.1.145/SainsburysStorefrontAssetStore/js/dojo.1.7.1/dojo/string.js"></script><script type="text/javascript" charset="utf-8" src="http://c1.sainsburys.co.uk/wcsstore7.20.1.145/SainsburysStorefrontAssetStore/js/dojo.1.7.1/dojo/html.js"></script><script type="text/javascript" charset="utf-8" src="http://c1.sainsburys.co.uk/wcsstore7.20.1.145/SainsburysStorefrontAssetStore/js/dojo.1.7.1/dojo/i18n.js"></script><script type="text/javascript" charset="utf-8" src="http://c1.sainsburys.co.uk/wcsstore7.20.1.145/SainsburysStorefrontAssetStore/js/dojo.1.7.1/dijit/main.js"></script><script type="text/javascript" charset="utf-8" src="http://c1.sainsburys.co.uk/wcsstore7.20.1.145/SainsburysStorefrontAssetStore/js/dojo.1.7.1/dojox/main.js"></script><script type="text/javascript" charset="utf-8" src="http://c1.sainsburys.co.uk/wcsstore7.20.1.145/SainsburysStorefrontAssetStore/js/dojo.1.7.1/dojo/require.js"></script><script type="text/javascript" charset="utf-8" src="http://c1.sainsburys.co.uk/wcsstore7.20.1.145/SainsburysStorefrontAssetStore/js/dojo.1.7.1/dojo/Stateful.js"></script><script type="text/javascript" charset="utf-8" src="http://c1.sainsburys.co.uk/wcsstore7.20.1.145/SainsburysStorefrontAssetStore/js/dojo.1.7.1/dojo/window.js"></script><script type="text/javascript" charset="utf-8" src="http://c1.sainsburys.co.uk/wcsstore7.20.1.145/SainsburysStorefrontAssetStore/js/dojo.1.7.1/dijit/a11y.js"></script><script type="text/javascript" charset="utf-8" src="http://c1.sainsburys.co.uk/wcsstore7.20.1.145/SainsburysStorefrontAssetStore/js/dojo.1.7.1/dijit/registry.js"></script><script type="text/javascript" charset="utf-8" src="http://c1.sainsburys.co.uk/wcsstore7.20.1.145/SainsburysStorefrontAssetStore/js/dojo.1.7.1/dijit/_WidgetBase.js"></script><script type="text/javascript" charset="utf-8" src="http://c1.sainsburys.co.uk/wcsstore7.20.1.145/SainsburysStorefrontAssetStore/js/dojo.1.7.1/dijit/_OnDijitClickMixin.js"></script><script type="text/javascript" charset="utf-8" src="http://c1.sainsburys.co.uk/wcsstore7.20.1.145/SainsburysStorefrontAssetStore/js/dojo.1.7.1/dijit/_FocusMixin.js"></script><script type="text/javascript" charset="utf-8" src="http://c1.sainsburys.co.uk/wcsstore7.20.1.145/SainsburysStorefrontAssetStore/js/dojo.1.7.1/dojo/uacss.js"></script><script type="text/javascript" charset="utf-8" src="http://c1.sainsburys.co.uk/wcsstore7.20.1.145/SainsburysStorefrontAssetStore/js/dojo.1.7.1/dijit/hccss.js"></script><script type="text/javascript" charset="utf-8" src="http://c1.sainsburys.co.uk/wcsstore7.20.1.145/SainsburysStorefrontAssetStore/js/dojo.1.7.1/dojo/touch.js"></script><script type="text/javascript" charset="utf-8" src="http://c1.sainsburys.co.uk/wcsstore7.20.1.145/SainsburysStorefrontAssetStore/js/dojo.1.7.1/dojo/cache.js"></script><script type="text/javascript" charset="utf-8" src="http://c1.sainsburys.co.uk/wcsstore7.20.1.145/SainsburysStorefrontAssetStore/js/dojo.1.7.1/dojo/cookie.js"></script><script type="text/javascript" charset="utf-8" src="http://c1.sainsburys.co.uk/wcsstore7.20.1.145/SainsburysStorefrontAssetStore/js/dojo.1.7.1/dijit/layout/_LayoutWidget.js"></script><script type="text/javascript" charset="utf-8" src="http://c1.sainsburys.co.uk/wcsstore7.20.1.145/SainsburysStorefrontAssetStore/js/dojo.1.7.1/dijit/layout/utils.js"></script><script type="text/javascript" charset="utf-8" src="http://c1.sainsburys.co.uk/wcsstore7.20.1.145/SainsburysStorefrontAssetStore/js/dojo.1.7.1/dijit/_Contained.js"></script><script type="text/javascript" charset="utf-8" src="http://c1.sainsburys.co.uk/wcsstore7.20.1.145/SainsburysStorefrontAssetStore/js/dojo.1.7.1/dijit/nls/loading.js"></script><script type="text/javascript" charset="utf-8" src="http://c1.sainsburys.co.uk/wcsstore7.20.1.145/SainsburysStorefrontAssetStore/js/dojo.1.7.1/dijit/nls/common.js"></script><script type="text/javascript" charset="utf-8" src="http://c1.sainsburys.co.uk/wcsstore7.20.1.145/SainsburysStorefrontAssetStore/js/dojo.1.7.1/dojox/widget/Rotator.js"></script><script type="text/javascript" charset="utf-8" src="http://c1.sainsburys.co.uk/wcsstore7.20.1.145/SainsburysStorefrontAssetStore/js/dojo.1.7.1/dojo/regexp.js"></script><script type="text/javascript" charset="utf-8" src="http://c1.sainsburys.co.uk/wcsstore7.20.1.145/SainsburysStorefrontAssetStore/js/dojo.1.7.1/dojo/fx/Toggler.js"></script><script type="text/javascript" charset="utf-8" src="http://c1.sainsburys.co.uk/wcsstore7.20.1.145/SainsburysStorefrontAssetStore/js/dojo.1.7.1/dijit/_base.js"></script><script type="text/javascript" charset="utf-8" src="http://c1.sainsburys.co.uk/wcsstore7.20.1.145/SainsburysStorefrontAssetStore/js/dojo.1.7.1/dijit/WidgetSet.js"></script><script type="text/javascript" charset="utf-8" src="http://c1.sainsburys.co.uk/wcsstore7.20.1.145/SainsburysStorefrontAssetStore/js/dojo.1.7.1/dijit/_base/focus.js"></script><script type="text/javascript" charset="utf-8" src="http://c1.sainsburys.co.uk/wcsstore7.20.1.145/SainsburysStorefrontAssetStore/js/dojo.1.7.1/dijit/_base/place.js"></script><script type="text/javascript" charset="utf-8" src="http://c1.sainsburys.co.uk/wcsstore7.20.1.145/SainsburysStorefrontAssetStore/js/dojo.1.7.1/dijit/_base/popup.js"></script><script type="text/javascript" charset="utf-8" src="http://c1.sainsburys.co.uk/wcsstore7.20.1.145/SainsburysStorefrontAssetStore/js/dojo.1.7.1/dijit/_base/scroll.js"></script><script type="text/javascript" charset="utf-8" src="http://c1.sainsburys.co.uk/wcsstore7.20.1.145/SainsburysStorefrontAssetStore/js/dojo.1.7.1/dijit/_base/sniff.js"></script><script type="text/javascript" charset="utf-8" src="http://c1.sainsburys.co.uk/wcsstore7.20.1.145/SainsburysStorefrontAssetStore/js/dojo.1.7.1/dijit/_base/typematic.js"></script><script type="text/javascript" charset="utf-8" src="http://c1.sainsburys.co.uk/wcsstore7.20.1.145/SainsburysStorefrontAssetStore/js/dojo.1.7.1/dijit/_base/wai.js"></script><script type="text/javascript" charset="utf-8" src="http://c1.sainsburys.co.uk/wcsstore7.20.1.145/SainsburysStorefrontAssetStore/js/dojo.1.7.1/dijit/_base/window.js"></script><script type="text/javascript" charset="utf-8" src="http://c1.sainsburys.co.uk/wcsstore7.20.1.145/SainsburysStorefrontAssetStore/js/dojo.1.7.1/dijit/place.js"></script><script type="text/javascript" charset="utf-8" src="http://c1.sainsburys.co.uk/wcsstore7.20.1.145/SainsburysStorefrontAssetStore/js/dojo.1.7.1/dijit/popup.js"></script><script type="text/javascript" charset="utf-8" src="http://c1.sainsburys.co.uk/wcsstore7.20.1.145/SainsburysStorefrontAssetStore/js/dojo.1.7.1/dijit/BackgroundIframe.js"></script><script type="text/javascript" charset="utf-8" src="http://c1.sainsburys.co.uk/wcsstore7.20.1.145/SainsburysStorefrontAssetStore/js/dojo.1.7.1/dijit/typematic.js"></script><script type="text/javascript" charset="utf-8" src="http://c1.sainsburys.co.uk/wcsstore7.20.1.145/SainsburysStorefrontAssetStore/js/dojo.1.7.1/dijit/layout/StackController.js"></script><script type="text/javascript" charset="utf-8" src="http://c1.sainsburys.co.uk/wcsstore7.20.1.145/SainsburysStorefrontAssetStore/js/dojo.1.7.1/dijit/form/ToggleButton.js"></script><script type="text/javascript" charset="utf-8" src="http://c1.sainsburys.co.uk/wcsstore7.20.1.145/SainsburysStorefrontAssetStore/js/dojo.1.7.1/dijit/form/Button.js"></script><script type="text/javascript" charset="utf-8" src="http://c1.sainsburys.co.uk/wcsstore7.20.1.145/SainsburysStorefrontAssetStore/js/dojo.1.7.1/dijit/form/_ToggleButtonMixin.js"></script><script type="text/javascript" charset="utf-8" src="http://c1.sainsburys.co.uk/wcsstore7.20.1.145/SainsburysStorefrontAssetStore/js/dojo.1.7.1/dijit/form/_FormWidget.js"></script><script type="text/javascript" charset="utf-8" src="http://c1.sainsburys.co.uk/wcsstore7.20.1.145/SainsburysStorefrontAssetStore/js/dojo.1.7.1/dijit/form/_ButtonMixin.js"></script><script type="text/javascript" charset="utf-8" src="http://c1.sainsburys.co.uk/wcsstore7.20.1.145/SainsburysStorefrontAssetStore/js/dojo.1.7.1/dijit/form/_FormWidgetMixin.js"></script><script type="text/javascript" charset="utf-8" src="http://c1.sainsburys.co.uk/wcsstore7.20.1.145/SainsburysStorefrontAssetStore/js/dojo.1.7.1/dijit/layout/AccordionPane.js"></script><script type="text/javascript" charset="utf-8" src="http://c1.sainsburys.co.uk/wcsstore7.20.1.145/SainsburysStorefrontAssetStore/js/dojo.1.7.1/dijit/form/_FormValueWidget.js"></script><script type="text/javascript" charset="utf-8" src="http://c1.sainsburys.co.uk/wcsstore7.20.1.145/SainsburysStorefrontAssetStore/js/dojo.1.7.1/dijit/form/_FormValueMixin.js"></script><script type="text/javascript" charset="utf-8" src="http://c1.sainsburys.co.uk/wcsstore7.20.1.145/SainsburysStorefrontAssetStore/js/dojo.1.7.1/dijit/form/DropDownButton.js"></script><script type="text/javascript" charset="utf-8" src="http://c1.sainsburys.co.uk/wcsstore7.20.1.145/SainsburysStorefrontAssetStore/js/dojo.1.7.1/dijit/form/ComboButton.js"></script><script type="text/javascript" charset="utf-8" src="http://c1.sainsburys.co.uk/wcsstore7.20.1.145/SainsburysStorefrontAssetStore/js/dojo.1.7.1/dijit/_HasDropDown.js"></script><script type="text/javascript">  
    var _deliverySlotInfo = {                          
            expiryDateTime: '',
            currentDateTime: 'March 19,2017 23:59:00',
            ajaxCountDownUrl: 'CountdownDisplayView?langId=44&amp;storeId=10151',
            ajaxExpiredUrl: 'DeliverySlotExpiredDisplayView?langId=44&amp;storeId=10151&amp;currentPageUrl=http%3a%2f%2fwww.sainsburys.co.uk%2fwebapp%2fwcs%2fstores%2fservlet%2fCategoryDisplay%3fmsg%3d%26langId%3d44%26storeId%3d10151%26krypto%3dvuAEiKPomv7LzzLk%252BVntwQI2vl4izu3clBqtkogv%252FZwrj4R8b2ZBCcL%252FQrlnn9saozDy8%252BJU2ynokAemMRBdS7GrI2CqTp6A3bMlXAkKGxVQCgRnSG1cBngQPy4ef65F8l4za2td9XxrYOb5hBqGAS13oXOAdUHexP8bwEcfb5g%253D%26ddkey%3dhttp%253Agb%252Fgroceries%252Ffood-cupboard%252Fsnacking-fruit-nuts&amp;AJAXCall=true'
        }
    var _amendOrderSlotInfo = {                          
            expiryDateTime: '',
            currentDateTime: 'March 19,2017 23:59:00',
            ajaxAmendOrderExpiryUrl: 'AjaxOrderAmendSlotExpiryView?langId=44&amp;storeId=10151&amp;currentPageUrl=http%3a%2f%2fwww.sainsburys.co.uk%2fwebapp%2fwcs%2fstores%2fservlet%2fCategoryDisplay%3fmsg%3d%26langId%3d44%26storeId%3d10151%26krypto%3dvuAEiKPomv7LzzLk%252BVntwQI2vl4izu3clBqtkogv%252FZwrj4R8b2ZBCcL%252FQrlnn9saozDy8%252BJU2ynokAemMRBdS7GrI2CqTp6A3bMlXAkKGxVQCgRnSG1cBngQPy4ef65F8l4za2td9XxrYOb5hBqGAS13oXOAdUHexP8bwEcfb5g%253D%26ddkey%3dhttp%253Agb%252Fgroceries%252Ffood-cupboard%252Fsnacking-fruit-nuts'
        }    
    var _commonPageInfo = {
        currentUrl: 'http://www.sainsburys.co.uk/webapp/wcs/stores/servlet/CategoryDisplay?msg=&amp;langId=44&amp;storeId=10151&amp;krypto=vuAEiKPomv7LzzLk%2BVntwQI2vl4izu3clBqtkogv%2FZwrj4R8b2ZBCcL%2FQrlnn9saozDy8%2BJU2ynokAemMRBdS7GrI2CqTp6A3bMlXAkKGxVQCgRnSG1cBngQPy4ef65F8l4za2td9XxrYOb5hBqGAS13oXOAdUHexP8bwEcfb5g%3D&amp;ddkey=http%3Agb%2Fgroceries%2Ffood-cupboard%2Fsnacking-fruit-nuts',
        storeId: '10151',
        langId: '44'
    }
</script><script type="text/javascript">
	    var _rhsCheckPostCodeRuleset = {                          
	          postCode: {
	                isEmpty: {
	                      param: true,
	                      text: 'Sorry, we couldn&#39;t recognise that postcode. Please try again.',
	                      msgPlacement: "#checkPostCodePanel #Rhs_checkPostCode .field",
	                      elemToAddErrorClassTo: "#checkPostCodePanel #Rhs_checkPostCode .field"
	                },
	                minLength: {
	                      param: 5,
	                      text: 'Sorry, this entry must be at least 5 characters long.',
	                      msgPlacement: "#checkPostCodePanel #Rhs_checkPostCode .field",
	                      elemToAddErrorClassTo: "#checkPostCodePanel #Rhs_checkPostCode .field"
	                },
	                isPostcode: {
	                      param: true,
	                      text: 'Sorry, we couldn&#39;t recognise that postcode. Please try again.',
	                      msgPlacement: "#checkPostCodePanel #Rhs_checkPostCode .field",
	                      elemToAddErrorClassTo: "#checkPostCodePanel #Rhs_checkPostCode .field"
	                }
	          }
	    }
	    </script><script type="text/javascript">
      var typeAheadTrigger = 2;
</script><script type="text/javascript" data-dojo-config="isDebug: false, useCommentedJson: true,locale: 'en-gb', parseOnLoad: true, dojoBlankHtmlUrl:'/wcsstore/SainsburysStorefrontAssetStore/js/dojo.1.7.1/blank.html'" src="http://c1.sainsburys.co.uk/wcsstore7.20.1.145/SainsburysStorefrontAssetStore/js/dojo.1.7.1/dojo/dojo.js"></script><script type="text/javascript">"undefined"==typeof digitalData&&(digitalData={event:[]}),digitalData.event.push=function(){for(var t=0,e=arguments.length;e>t;t++)this[this.length]=arguments[t];var n="s_"+arguments[0].eventInfo.eventName;if(void 0!=n){var a=null;try{a=new Event(n,{bubbles:!0,cancelable:!1})}catch(i){a=document.createEvent("Event"),a.initEvent(n,!0,!1)}document.addEventListener?document.addEventListener(n,function(t){},!1):document.attachEvent(n,function(t){}),document.dispatchEvent(a)}return this.length};</script><script type="text/javascript" src="http://c1.sainsburys.co.uk/wcsstore7.20.1.145/SainsburysStorefrontAssetStore/js/sainsburys.js"></script><script type="text/javascript">require(["dojo/parser", "dijit/layout/AccordionContainer", "dijit/layout/ContentPane", "dojox/widget/AutoRotator", "dojox/widget/rotator/Fade"]);</script><script type="text/javascript" src="http://c1.sainsburys.co.uk/wcsstore7.20.1.145/SainsburysStorefrontAssetStore/wcassets/groceries/scripts/page/faq.js"></script><script type="text/javascript">if (self === top) {var antiCJ = document.getElementById("antiCJ");antiCJ.parentNode.removeChild(antiCJ);} else {top.location = self.location;}</script><!-- Maxymiser script start --><script type="text/javascript" src="//service.maxymiser.net/cdn/sainsburyscoUK/js/mmcore.js">
</script><!-- Maxymiser script end --><!-- END CommonJSToInclude.jspf -->
</head>
<body id="shelfPage" class="shelfPage floatingHeader">
<div class="hidden overlayBox" id="overlayBox" role="dialog"></div>
<div class="hidden pageOverlay" id="pageOverlay"></div>
<div id="autoCompleteList" class="autoCompleteList jsAccess" style="top: 82px; left: 790px;"></div>
<div class="hidden overlayBox" id="overlayBox" role="dialog"></div>
<div class="hidden pageOverlay" id="pageOverlay"></div>
<div id="page" style="padding-top: 169px;">
    <!-- BEGIN StoreCommonUtilities.jspf --><!-- END StoreCommonUtilities.jspf --><!-- Header Nav Start --><!-- BEGIN LayoutContainerTop.jspf --><!-- BEGIN HeaderDisplay.jspf --><!-- BEGIN CachedHeaderDisplay.jsp -->

<ul id="skipLinks">
<li><a href="#content">Skip to main content</a></li>
    <li><a href="#groceriesNav">Skip to groceries navigation menu</a></li>
    
</ul>
<div id="globalHeaderContainer">
    <div class="header globalHeader" id="globalHeader">
        <div class="globalNav">
	<ul>
<li>
			<a href="http://www.sainsburys.co.uk">
			    <span class="moreSainsburysIcon"></span>
                Explore more at Sainsburys.co.uk 
			</a>
		</li>
		<li>
			<a href="http://help.sainsburys.co.uk" rel="external">
			    <span class="helpCenterIcon"></span>
                Help Centre 
			<span class="access"> (opens in a new window/tab)</span></a>
		</li>
		<li>
			<a href="http://stores.sainsburys.co.uk" rel="external">
			    <span class="storeLocatorIcon"></span>
                Store Locator 
			<span class="access"> (opens in a new window/tab)</span></a>
		</li>
		<li class="loginRegister">
			 
				    
					<a href="https://www.sainsburys.co.uk/shop/LogonView?catalogId=10241&amp;logonCallerId=LogonButton&amp;langId=44&amp;storeId=10151&amp;URL=https%3A%2F%2Fwww.sainsburys.co.uk%2Fshop%2FMyAccount%3FlangId%3D44%26storeId%3D10151">
						<span class="userIcon"></span>
                        Log in / Register 
					</a>
				
		</li>
	</ul>
</div>

	    <div class="globalHeaderLogoSearch">
	        <!-- BEGIN LogoSearchNavBar.jspf -->

<a href="http://www.sainsburys.co.uk/shop/gb/groceries" class="mainLogo"><img src="/wcsstore/SainsburysStorefrontAssetStore/img/logo.png" alt="Sainsbury's"></a>
<div class="searchBox" role="search">
    

    <form name="sol_search" method="get" action="SearchDisplay" id="globalSearchForm">

        <input type="hidden" name="viewTaskName" value="CategoryDisplayView"><input type="hidden" name="recipesSearch" value="true"><input type="hidden" name="orderBy" value="RELEVANCE"><input type="hidden" name="favouritesSelection" value="0"><input type="hidden" name="langId" value="44"><input type="hidden" name="storeId" value="10151"><label for="search" class="access">Search for products</label>
        <input type="search" name="searchTerm" id="search" maxlength="150" value="" autocomplete="off" placeholder="Search products"><button type="button" id="clearSearch" class="clearSearch hidden">Clear the search field</button>
        <input type="submit" name="searchSubmit" id="searchSubmit" value="Search">
</form>

    <a class="findProduct" href="http://www.sainsburys.co.uk/shop/ShoppingListDisplay?catalogId=10241&amp;action=ShoppingListDisplay&amp;urlLangId=&amp;langId=44&amp;storeId=10151">Search for multiple products</a>
    <!-- ul class="searchNav">
        <li class="shoppingListLink"><a href="http://www.sainsburys.co.uk/shop/ShoppingListDisplay?catalogId=10241&action=ShoppingListDisplay&urlLangId=&langId=44&storeId=10151">Find a list of products</a></li>
        <li><a href="http://stores.sainsburys.co.uk">Store Locator</a></li>
        <li><a href="https://www.sainsburys.co.uk/shop/MyAccount?langId=44&amp;storeId=10151">My Account</a></li>
        
                 <li><a href="https://www.sainsburys.co.uk/shop/QuickRegistrationFormView?catalogId=10241&amp;langId=44&amp;storeId=10151" >Register</a></li>
        
    </ul-->

</div>
<!-- END LogoSearchNavBar.jspf -->
        </div>
        <div id="groceriesNav" class="groceriesNav">
            <ul class="mainNav">
<li>
                    
                            <a class="active" href="http://www.sainsburys.co.uk/shop/gb/groceries"><strong>Groceries</strong></a>
                        
                </li>
                <li>
                    
	                           <a href="http://www.sainsburys.co.uk/shop/gb/groceries/favourites">Favourites</a>
	                        
                </li>
                <li>
                    
                          <a href="http://www.sainsburys.co.uk/shop/gb/groceries/great-offers">Great Prices</a>
                        
                </li>
                <li>
                    
                           <a href="http://www.sainsburys.co.uk/shop/gb/groceries/discover">Discover</a>
                        
                </li>
                
                <li>
                    
                           <a href="http://recipes.sainsburys.co.uk">Recipes</a>
                        
                </li>
                
            </ul>
<hr>
<p class="access">Groceries Categories</p>
                    
                    <div class="subNav">
                        <ul>
<li>
                                    
                                            <a href="http://www.sainsburys.co.uk/shop/gb/groceries/easter">Easter</a>
                                         
                                   </li>
                              
                                <li>
                                    
                                            <a href="http://www.sainsburys.co.uk/shop/gb/groceries/fruit-veg">Fruit &amp; veg</a>
                                         
                                   </li>
                              
                                <li>
                                    
                                            <a href="http://www.sainsburys.co.uk/shop/gb/groceries/meat-fish">Meat &amp; fish</a>
                                         
                                   </li>
                              
                                <li>
                                    
                                            <a href="http://www.sainsburys.co.uk/shop/gb/groceries/dairy">Dairy</a>
                                         
                                   </li>
                              
                                <li>
                                    
                                            <a href="http://www.sainsburys.co.uk/shop/gb/groceries/chilled-">Chilled</a>
                                         
                                   </li>
                              
                                <li>
                                    
                                            <a href="http://www.sainsburys.co.uk/shop/gb/groceries/bakery">Bakery</a>
                                         
                                   </li>
                              
                                <li>
                                    
                                            <a href="http://www.sainsburys.co.uk/shop/gb/groceries/frozen-">Frozen</a>
                                         
                                   </li>
                              
                                <li>
                                    
                                            <a class="active" href="http://www.sainsburys.co.uk/shop/gb/groceries/food-cupboard"><strong>Food cupboard</strong></a>
                                             
                                   </li>
                              
                                <li>
                                    
                                            <a href="http://www.sainsburys.co.uk/shop/gb/groceries/drinks">Drinks</a>
                                         
                                   </li>
                              
                                <li>
                                    
                                            <a href="http://www.sainsburys.co.uk/shop/gb/groceries/health-beauty">Health &amp; beauty</a>
                                         
                                   </li>
                              
                                <li>
                                    
                                            <a href="http://www.sainsburys.co.uk/shop/gb/groceries/baby">Baby</a>
                                         
                                   </li>
                              
                                <li>
                                    
                                            <a href="http://www.sainsburys.co.uk/shop/gb/groceries/household">Household</a>
                                         
                                   </li>
                              
                                <li>
                                    
                                            <a href="http://www.sainsburys.co.uk/shop/gb/groceries/pet">Pet</a>
                                         
                                   </li>
                              
                                <li>
                                    
                                            <a href="http://www.sainsburys.co.uk/shop/gb/groceries/home">Home</a>
                                         
                                   </li>
                              
                        </ul>
</div>
                
        </div>    
    </div>
</div>
<!-- Generated on: Sun Mar 19 23:59:00 GMT 2017  -->
<!-- END CachedHeaderDisplay.jsp --><!-- END HeaderDisplay.jspf --><!-- END LayoutContainerTop.jspf --><!-- Header Nav End --><!-- Main Area Start -->
    <div id="main">
        <!-- Content Start -->
        <div class="article" id="content">
            <!--  START BreadCrumbTrailDisplay.jsp -->
                  <div class="nav breadcrumb" id="breadcrumbNav">
                    <p class="access">You are here:</p>  
                    <ul id="breadcrumbNavList">
<li class="first">
<span class="corner"></span><a href="http://www.sainsburys.co.uk/shop/gb/groceries/food-cupboard"><span>Food cupboard</span></a>
    
        <span class="arrow"></span>
    
    <div>
        <p>Select an option:</p>
        <ul>
<li><a href="http://www.sainsburys.co.uk/shop/gb/groceries/food-cupboard/easter-eggs---treats">Easter top picks</a></li>
            
                <li><a href="http://www.sainsburys.co.uk/shop/gb/groceries/food-cupboard/canned-tinned-packaged-foods">Canned, tinned &amp; packaged foods</a></li>
            
                <li><a href="http://www.sainsburys.co.uk/shop/gb/groceries/food-cupboard/breakfast-cereals">Breakfast cereals</a></li>
            
                <li><a href="http://www.sainsburys.co.uk/shop/gb/groceries/food-cupboard/biscuits-crackers">Biscuits &amp; crackers</a></li>
            
                <li><a href="http://www.sainsburys.co.uk/shop/gb/groceries/food-cupboard/crisps-nuts-snacking-fruit">Crisps, nuts &amp; snacking fruit</a></li>
            
                <li><a href="http://www.sainsburys.co.uk/shop/gb/groceries/food-cupboard/confectionery">Confectionery</a></li>
            
                <li><a href="http://www.sainsburys.co.uk/shop/gb/groceries/food-cupboard/rice-pasta-noodles">Rice, pasta &amp; noodles</a></li>
            
                <li><a href="http://www.sainsburys.co.uk/shop/gb/groceries/food-cupboard/cooking-sauces-world-foods">Cooking sauces &amp; meal kits</a></li>
            
                <li><a href="http://www.sainsburys.co.uk/shop/gb/groceries/food-cupboard/sugar-home-baking">Sugar &amp; home baking</a></li>
            
                <li><a href="http://www.sainsburys.co.uk/shop/gb/groceries/food-cupboard/cooking-ingredients-oils">Cooking ingredients &amp; oils</a></li>
            
                <li><a href="http://www.sainsburys.co.uk/shop/gb/groceries/food-cupboard/table-sauces-dressings-condiments">Table sauces, dressings &amp; condiments</a></li>
            
                <li><a href="http://www.sainsburys.co.uk/shop/gb/groceries/food-cupboard/jams-honey-spreads">Jams, honey &amp; spreads</a></li>
            
                <li><a href="http://www.sainsburys.co.uk/shop/gb/groceries/food-cupboard/fruit-desserts">Fruit &amp; desserts</a></li>
            
                <li><a href="http://www.sainsburys.co.uk/shop/gb/groceries/food-cupboard/foodcupboard-freefrom">Freefrom</a></li>
            
                <li><a href="http://www.sainsburys.co.uk/shop/gb/groceries/food-cupboard/world-foods">World Foods</a></li>
            
                <li><a href="http://www.sainsburys.co.uk/shop/gb/groceries/food-cupboard/tea--coffee---hot-drinks">Tea, coffee &amp; hot drinks</a></li>
            
        </ul>
</div>
</li>

            <li class="second">
<a href="http://www.sainsburys.co.uk/shop/gb/groceries/food-cupboard/fruit-desserts"><span>Fruit &amp; desserts</span></a> <span class="arrow"></span>
                <div>
                <p>Select an option:</p>
                    <ul>
<li><a href="http://www.sainsburys.co.uk/shop/gb/groceries/food-cupboard/jelly">Jelly</a></li>
                        
                            <li><a href="http://www.sainsburys.co.uk/shop/gb/groceries/food-cupboard/custard">Custard</a></li>
                        
                            <li><a href="http://www.sainsburys.co.uk/shop/gb/groceries/food-cupboard/dessert-fruit">Fruit</a></li>
                        
                            <li><a href="http://www.sainsburys.co.uk/shop/gb/groceries/food-cupboard/rice-sponge-pudding">Rice &amp; sponge pudding</a></li>
                        
                            <li><a href="http://www.sainsburys.co.uk/shop/gb/groceries/food-cupboard/dessert-pots">Dessert pots</a></li>
                        
                            <li><a href="http://www.sainsburys.co.uk/shop/gb/groceries/food-cupboard/dessert-milk-cream">Milk &amp; cream</a></li>
                        
                            <li><a href="http://www.sainsburys.co.uk/shop/gb/groceries/food-cupboard/dessert-mixes">Dessert mixes</a></li>
                        
                            <li><a href="http://www.sainsburys.co.uk/shop/gb/groceries/food-cupboard/meringues-bases">Meringues &amp; bases</a></li>
                        
                            <li><a href="http://www.sainsburys.co.uk/shop/gb/groceries/food-cupboard/sauces-toppings">Sauces &amp; toppings</a></li>
                        
                            <li><a href="http://www.sainsburys.co.uk/shop/gb/groceries/food-cupboard/ice-cream-cones-wafers">Ice cream cones &amp; wafers</a></li>
                        
                            <li><a href="http://www.sainsburys.co.uk/shop/gb/groceries/food-cupboard/snacking-fruit-nuts">Snacking fruit &amp; nuts</a></li>
                        
                            <li><a href="http://www.sainsburys.co.uk/shop/gb/groceries/food-cupboard/kids-lunchbox-fruit-desserts">Kids &amp; lunchbox</a></li>
                        
                            <li><a href="http://www.sainsburys.co.uk/shop/gb/groceries/food-cupboard/fruits-desserts-special-offers">Special offers</a></li>
                        
                    </ul>
</div>
            </li>
        
    <li class="third">
<a href="http://www.sainsburys.co.uk/shop/gb/groceries/food-cupboard/snacking-fruit-nuts"><span>Snacking fruit &amp; nuts</span></a>
        
    </li>
    
                    </ul>
</div>
                <!--  END BreadCrumbTrailDisplay.jsp --><!-- BEGIN MessageDisplay.jspf --><!-- END MessageDisplay.jspf --><!-- BEGIN ShelfDisplay.jsp -->

<div class="section">
    
    <h1 id="resultsHeading" class="resultsHeading">
        Snacking fruit &amp; nuts (63 products available)
    </h1> 

    <!-- DEBUG: shelfTopLeftESpotName = Z:FOOD_CUPBOARD/D:FRUIT_AND_DESSERTS/A:SNACKING_FRUIT_AND_NUTS/Shelf_Top_Left --><!-- DEBUG: shelfTopRightESpotName = Z:FOOD_CUPBOARD/D:FRUIT_AND_DESSERTS/A:SNACKING_FRUIT_AND_NUTS/Shelf_Top_Right -->
    <div class="eSpotContainer">
    
    <div id="sitecatalyst_ESPOT_NAME_Z:FOOD_CUPBOARD/D:FRUIT_AND_DESSERTS/A:SNACKING_FRUIT_AND_NUTS/Shelf_Top_Left" class="siteCatalystTag">Z:FOOD_CUPBOARD/D:FRUIT_AND_DESSERTS/A:SNACKING_FRUIT_AND_NUTS/Shelf_Top_Left</div>

    <div id="sitecatalyst_ESPOT_NAME_Z:FOOD_CUPBOARD/D:FRUIT_AND_DESSERTS/A:SNACKING_FRUIT_AND_NUTS/Shelf_Top_Right" class="siteCatalystTag">Z:FOOD_CUPBOARD/D:FRUIT_AND_DESSERTS/A:SNACKING_FRUIT_AND_NUTS/Shelf_Top_Right</div>

</div>
</div>

        <div class="section" id="filterContainer">
<div class="areaOverlay" id="filterOverlay"></div>
            <!-- FILTER SECTION STARTS HERE--><!-- BEGIN BrowseFacetsDisplay.jspf--><!-- Start Filter -->
	    <h2 class="access">Product filter options</h2>
        <div class="filterSlither">
            <div class="filterCollapseBar">
                <div class="noFlexComponent">
	                <a href="#filterOptions" id="showHideFilterSlither" aria-controls="filterOptions" aria-expanded="true" class="visible">
		                Filter your list
	                <span class="access">Close filter options</span></a>
	                <span class="quantitySelected" id="quantitySelected" role="status" aria-live="assertive" aria-relevant="text">
	                    
	                </span>
	                <a href="http://www.sainsburys.co.uk/shop/CategoryDisplay?pageSize=30&amp;catalogId=10241&amp;orderBy=FAVOURITES_ONLY%7CTOP_SELLERS&amp;facet=&amp;top_category=12422&amp;parent_category_rn=12422&amp;beginIndex=0&amp;categoryId=13288&amp;langId=44&amp;storeId=10151" class="repressive">
	                    Clear filters
	                </a>
	            </div>
            </div>
            
            

			<form class="shelfFilterOptions " id="filterOptions" name="search_facets_form" action="" method="get">
	            <input type="hidden" value="44" name="langId"><input type="hidden" value="10151" name="storeId"><input type="hidden" value="10241" name="catalogId"><input type="hidden" value="13288" name="categoryId"><input type="hidden" value="12422" name="parent_category_rn"><input type="hidden" value="12422" name="top_category"><input type="hidden" value="30" name="pageSize"><input type="hidden" value="FAVOURITES_ONLY|TOP_SELLERS" name="orderBy"><input type="hidden" value="" name="searchTerm"><input type="hidden" value="0" name="beginIndex"><div class="wrapper" id="filterOptionsContainer">
                    
		            

<div class="field options">
    <div class="indicator">
        <p>Options:</p>
    </div>
    <div class="checkboxes">
        
        
            
            <div class="input">
            
            
		                  <input id="globalOptions0" name="facet" type="checkbox" disabled value="" aria-disabled="true"><label class="favouritesLabel" for="globalOptions0">Favourites</label>
                    
	        </div>
	        
	        
            
            <div class="input">
            
            
		                  <input id="globalOptions1" name="facet" type="checkbox" value="88"><label class="offersLabel" for="globalOptions1">Offers</label>
                    
	        </div>
	        
	        
            
            <div class="input">
            
            
		                  <input id="globalOptions2" name="facet" type="checkbox" disabled value="" aria-disabled="true"><label for="globalOptions2">New</label>
		            
	        </div>
	        
	        
        
    </div>
    
</div>
<!-- BEGIN BrandFacetDisplay.jspf -->

<div class="field topBrands">
    <div class="indicator">
        <p>Top Brands:</p>
    </div>
    <div class="checkboxes">
        
        
            <div class="input">
	           
                       <input id="topBrands0" name="facet" type="checkbox" value="887"><label for="topBrands0">Sainsbury's</label>
	       </div>
	       
            <div class="input">
	           
                       <input id="topBrands1" name="facet" type="checkbox" value="4294965753"><label for="topBrands1">Bear</label>
	       </div>
	       
            <div class="input">
	           
                       <input id="topBrands2" name="facet" type="checkbox" value="4294966028"><label for="topBrands2">Fruit Bowl</label>
	       </div>
	       
            <div class="input">
	           
                       <input id="topBrands3" name="facet" type="checkbox" value="4294965911"><label for="topBrands3">Whitworths</label>
	       </div>
	       
            <div class="input">
	           
                       <input id="topBrands4" name="facet" type="checkbox" value="4294965895"><label for="topBrands4">Ella's Kitchen</label>
	       </div>
	       
	            <div class="extraTopBrandCheckboxes jsHide" id="extraTopBrandCheckboxes">
		            
					    <div class="input">
							
	                                <input id="extraCheckbox0" name="facet" type="checkbox" value="4294958867"><label for="extraCheckbox0">Jumble Bee</label>
			           </div>
				       
					    <div class="input">
							
	                                <input id="extraCheckbox1" name="facet" type="checkbox" value="4294965755"><label for="extraCheckbox1">Sunny Raisin</label>
			           </div>
				       
					    <div class="input">
							
	                                <input id="extraCheckbox2" name="facet" type="checkbox" value="4294957575"><label for="extraCheckbox2">The Fruit Factory</label>
			           </div>
				       
					    <div class="input">
							
	                                <input id="extraCheckbox3" name="facet" type="checkbox" value="4294958189"><label for="extraCheckbox3">HumZingers</label>
			           </div>
				       
					    <div class="input">
							
	                                <input id="extraCheckbox4" name="facet" type="checkbox" value="4294966646"><label for="extraCheckbox4">Kellogg's</label>
			           </div>
				       
					    <div class="input">
							
	                                <input id="extraCheckbox5" name="facet" type="checkbox" value="4294966495"><label for="extraCheckbox5">Linwoods</label>
			           </div>
				       
			    </div>
<a class="filterBoxShowHide filterBoxShowHide_closed" href="#"><span class="more">See more <span>(6)</span></span><span class="less">See less</span></a>
		    
	    
    </div>
</div>

<!-- END BrandFacetDisplay.jspf --><!-- BEGIN TypeFacetDisplay.jspf -->

<div class="field type">
	
	        <div class="indicator">
               <p>Type:</p>
            </div>
	        <div class="checkboxes">
		        
		        
            
                <div class="checkBoxWrapper">
                
		            
		                    
		                    <div class="input">
		                        
		                                <input id="type0" name="facet" type="checkbox" value="4294966405"><label for="type0">Fruit</label>
		                    </div>
		                    
		                    
		                    
		                    <div class="input">
		                        
		                                <input id="type1" name="facet" type="checkbox" value="10039622"><label for="type1">Fruit &amp; nut mix</label>
		                    </div>
		                    
		                    
		                    
		                    <div class="input">
		                        
		                                <input id="type2" name="facet" type="checkbox" value="4294965894"><label for="type2">Kids</label>
		                    </div>
		                    
		                    
		                        </div>
		                        <div class="checkBoxWrapper">
		                    
		                    
		                    <div class="input">
		                        
		                                <input id="type3" name="facet" type="checkbox" value="4294965833"><label for="type3">Nuts</label>
		                    </div>
		                    
		                    
		                    
		                    <div class="input">
		                        
		                                <input id="type4" name="facet" type="checkbox" value="4294961130"><label for="type4">Seeds</label>
		                    </div>
		                    
		                    
		        
		        </div>
		        
		    </div>
	        
	    
    
</div>

<!-- END TypeFacetDisplay.jspf -->                    
                </div> 
                
                <!-- BEGIN DietaryFacetDisplay.jspf -->

<div class="filterCollapseBarDietAndLifestyle">
    <a href="#dietAndLifestyle" id="showHideDietAndLifestyle" aria-expanded="false">Dietary &amp; lifestyle options<span class="access">Open filter options</span></a>
    <span class="misc">
        (such as vegetarian, organic and British)
    </span>
</div>

<div class="field dietAndLifestyle jsHide" id="dietAndLifestyle">
    <div class="checkboxes">
        
        
            <div class="input">
                
                        <input id="dietAndLifestyle0" name="facet" type="checkbox" value="4294966760"><label for="dietAndLifestyle0">
                   Fairtrade Foundation
                </label>
            </div> 
            
            <div class="input">
                
                        <input id="dietAndLifestyle1" name="facet" type="checkbox" value="4294966662"><label for="dietAndLifestyle1">
                   Halal
                </label>
            </div> 
            
            <div class="input">
                
                        <input id="dietAndLifestyle2" name="facet" type="checkbox" value="4294966661"><label for="dietAndLifestyle2">
                   Kosher
                </label>
            </div> 
            
            <div class="input">
                
                        <input id="dietAndLifestyle3" name="facet" type="checkbox" value="4294958735"><label for="dietAndLifestyle3">
                   Low Salt
                </label>
            </div> 
            
            <div class="input">
                
                        <input id="dietAndLifestyle4" name="facet" type="checkbox" value="4294966735"><label for="dietAndLifestyle4">
                   No Added Salt
                </label>
            </div> 
            
            
            <div class="extraDietaryCheckboxes jsHide" id="extraDietaryCheckboxes">
                
                    <div class="input">
                        
                                <input id="extraCheckbox0" name="facet" type="checkbox" value="4294966733"><label for="extraCheckbox0">No Added Sugar</label>
                   </div>
                   
                    <div class="input">
                        
                                <input id="extraCheckbox1" name="facet" type="checkbox" value="4294966724"><label for="extraCheckbox1">Not Suitable For Nut Allergy</label>
                   </div>
                   
                    <div class="input">
                        
                                <input id="extraCheckbox2" name="facet" type="checkbox" value="4294966711"><label for="extraCheckbox2">Organic</label>
                   </div>
                   
                    <div class="input">
                        
                                <input id="extraCheckbox3" name="facet" type="checkbox" value="4294966749"><label for="extraCheckbox3">Suitable for Coeliacs</label>
                   </div>
                   
                    <div class="input">
                        
                                <input id="extraCheckbox4" name="facet" type="checkbox" value="4294966739"><label for="extraCheckbox4">Suitable for Home Freezing</label>
                   </div>
                   
                    <div class="input">
                        
                                <input id="extraCheckbox5" name="facet" type="checkbox" value="4294966753"><label for="extraCheckbox5">Suitable for Vegans</label>
                   </div>
                   
                    <div class="input">
                        
                                <input id="extraCheckbox6" name="facet" type="checkbox" value="4294966763"><label for="extraCheckbox6">Suitable for Vegetarians</label>
                   </div>
                   
            </div>
<a class="filterBoxShowHide filterBoxShowHide_closed" href="#"><span class="more">See more <span>(7)</span></span><span class="less">See less</span></a>
        

    </div>
</div>

<!-- END DietaryFacetDisplay.jspf -->
            
                <div class="filterActions">
                    <input class="button primary" type="submit" id="applyfilter" name="applyfilter" value="Apply filter">
</div>
            </form>
        </div>
        
	<!-- END BrowseFacetsDisplay.jspf--><!-- FILTER SECTION ENDS HERE-->
        </div>
        <div class="section" id="productsContainer">
            <div id="productsOverlay" class="areaOverlay"></div>
            <div id="productLister">
	            
        <h2 class="access">Product pagination</h2>
        <div class="pagination">
    

    <ul class="viewOptions">
<li class="gridSelected">
                    <span class="access">Grid view</span>
                </li>
                <li class="list">
                    <a href="http://www.sainsburys.co.uk/shop/CategoryDisplay?listView=true&amp;orderBy=FAVOURITES_ONLY%7CTOP_SELLERS&amp;parent_category_rn=12422&amp;top_category=12422&amp;langId=44&amp;beginIndex=0&amp;pageSize=20&amp;catalogId=10241&amp;searchTerm=&amp;categoryId=13288&amp;listId=&amp;storeId=10151&amp;promotionId=">
                        <span class="access">List view</span>
                    </a>
                </li>
            
    </ul>
<form name="search_orderBy_form" action="CategoryDisplay" method="get">
        <input type="hidden" value="44" name="langId"><input type="hidden" value="10151" name="storeId"><input type="hidden" value="10241" name="catalogId"><input type="hidden" value="13288" name="categoryId"><input type="hidden" value="30" name="pageSize"><input type="hidden" value="0" name="beginIndex"><input type="hidden" value="" name="promotionId"><input type="hidden" value="" name="listId"><input type="hidden" value="" name="searchTerm"><input type="hidden" name="hasPreviousOrder" value=""><input type="hidden" name="previousOrderId" value=""><input type="hidden" name="categoryFacetId1" value=""><input type="hidden" name="categoryFacetId2" value=""><input type="hidden" name="bundleId" value=""><div class="field">
            <div class="indicator">
                <label for="orderBy">Sort by:</label>
            </div>

            
                    <input type="hidden" value="12422" name="parent_category_rn"><input type="hidden" value="12422" name="top_category"><div class="input">
                <div class="selectWrapper">
	                <select id="orderBy" name="orderBy"><option value="FAVOURITES_FIRST">Favourites First</option>
<option value="PRICE_ASC">Price - Low to High</option>
<option value="PRICE_DESC">Price - High to Low</option>
<option value="NAME_ASC">Product Name - A - Z</option>
<option value="NAME_DESC">Product Name - Z - A</option>
<option value="TOP_SELLERS">Top Sellers</option>
<option value="RATINGS_DESC">Ratings - High to Low</option>
<option value="NEW">New</option></select><span></span>
	             </div>
            </div>
        </div>
        <div class="actions">
            <input type="submit" class="button" id="Sort" name="Sort" value="Sort">
</div>
    </form>


    <form name="search_pageSize_form" action="CategoryDisplay" method="get">
        <input type="hidden" value="44" name="langId"><input type="hidden" value="10151" name="storeId"><input type="hidden" value="10241" name="catalogId"><input type="hidden" value="13288" name="categoryId"><input type="hidden" value="FAVOURITES_ONLY|TOP_SELLERS" name="orderBy"><input type="hidden" value="0" name="beginIndex"><input type="hidden" value="" name="promotionId"><input type="hidden" value="" name="listId"><input type="hidden" value="" name="searchTerm"><input type="hidden" name="hasPreviousOrder" value=""><input type="hidden" name="previousOrderId" value=""><input type="hidden" name="categoryFacetId1" value=""><input type="hidden" name="categoryFacetId2" value=""><input type="hidden" name="ImportedProductsCount" value=""><input type="hidden" name="ImportedStoreName" value=""><input type="hidden" name="ImportedSupermarket" value=""><input type="hidden" name="bundleId" value=""><input type="hidden" value="12422" name="parent_category_rn"><input type="hidden" value="12422" name="top_category"><div class="field">
          <div class="indicator">
            <label for="pageSize">Per page</label>
          </div>
          <div class="input">
            <div class="selectWrapper">
	            <select id="pageSize" name="pageSize"><option value="30" selected>30</option>
<option value="45">45</option>
<option value="60">60</option>
<option value="75">75</option>
<option value="90">90</option></select><span></span>
	         </div>
          </div>
          </div>
          <div class="actions">
              <input type="submit" class="button" id="Go" name="Go" value="Go">
</div>
    </form>

    
    <ul class="pages">
<li class="previous">
		        
		        <span class="access">Go to previous page</span>
		        
            </li>

        <li class="current">
<span class="access">Current page </span><span>1</span>
</li>
        
            <li><a href="http://www.sainsburys.co.uk/shop/CategoryDisplay?pageSize=30&amp;searchTerm=&amp;catalogId=10241&amp;orderBy=FAVOURITES_ONLY%7CTOP_SELLERS&amp;top_category=12422&amp;parent_category_rn=12422&amp;listId=&amp;categoryId=13288&amp;langId=44&amp;beginIndex=30&amp;storeId=10151&amp;promotionId="><span class="access">Page </span><span>2</span></a></li>
        
            <li><a href="http://www.sainsburys.co.uk/shop/CategoryDisplay?pageSize=30&amp;searchTerm=&amp;catalogId=10241&amp;orderBy=FAVOURITES_ONLY%7CTOP_SELLERS&amp;top_category=12422&amp;parent_category_rn=12422&amp;listId=&amp;categoryId=13288&amp;langId=44&amp;beginIndex=60&amp;storeId=10151&amp;promotionId="><span class="access">Page </span><span>3</span></a></li>
        
            <li class="next">
        
            <a href="http://www.sainsburys.co.uk/shop/CategoryDisplay?pageSize=30&amp;searchTerm=&amp;catalogId=10241&amp;orderBy=FAVOURITES_ONLY%7CTOP_SELLERS&amp;top_category=12422&amp;parent_category_rn=12422&amp;listId=&amp;categoryId=13288&amp;langId=44&amp;beginIndex=30&amp;storeId=10151&amp;promotionId=">
        
        <span class="access">Go to next page</span>
        
            </a>
        
            </li>
    </ul>
</div>
    
                <h2 class="access">Products</h2>
	            <ul class="productLister gridView">
<li class="gridItem" style="min-height: 620px;">
	                                <!-- BEGIN CatalogEntryThumbnailDisplay.jsp --><!-- BEGIN MerchandisingAssociationsDisplay.jsp --><!-- Start - JSP File Name:  MerchandisingAssociationsDisplay.jsp -->
    <div class="coverage ranged"></div>
<!-- END MerchandisingAssociationsDisplay.jsp -->
	            	<div id="hasCrossSell_30453" class="product hasCrossSell  highlighted specialOffer straplineRow"> 
	                
                        <div class="productInfo">
                        	<div class="productNameAndPromotions">
                                
                                        <h3>
                                            <a href="http://www.sainsburys.co.uk/shop/gb/groceries/snacking-fruit-nuts/sunny-raisin-multipack-14x14g">
                                                Sunny Raisin 14x14g
                                                <img src="http://c2.sainsburys.co.uk/wcsstore7.20.1.145/ExtendedSitesCatalogAssetStore/images/catalog/productImages/62/5000234046862/5000234046862_L.jpeg" alt=""></a>
                                        </h3>
                                    
    <div class="promotion">
                   
		            <p><a href="http://www.sainsburys.co.uk/shop/PromotionDisplayView?catalogId=10245&amp;langId=44&amp;productId=30452&amp;storeId=10151&amp;promotionId=10233565"><!-- BEGIN include/PromotionStrapline.jspf -->Only £1.50: Save 50p<br><!-- FINISH include/PromotionStrapline.jspf --></a></p>
		                        
    </div>
    
                            </div>
                                                      
                        </div>
                        
                        
                        
                    
                    <div class="addToTrolleytabBox">
                        <!-- Start UserSubscribedOrNot.jspf --><!-- Start UserSubscribedOrNot.jsp --><!-- 
			If the user is not logged in, render this opening 
			DIV adding an addtional class to fix the border top which is removed 
			and replaced by the tabs
		-->
		<div class="addToTrolleytabContainer addItemBorderTop">
	<!-- End AddToSubscriptionList.jsp --><!-- End AddSubscriptionList.jspf --><!-- 
                        ATTENTION!!!
                        <div class="addToTrolleytabContainer">
                        This opening div is inside "../../ReusableObjects/UserSubscribedOrNot.jsp"
                        -->
                        
		                <!--  <div class="pricingAndTrolleyFormWrapper"> -->
	                <div class="pricingAndTrolleyOptions">   
	                    <div class="priceTab activeContainer priceTabContainer" id="addItem_30453"> 
	                        <div class="pricing">
	                            
	<p class="pricePerUnit">
    £1.50<abbr title="per">/</abbr><abbr title="unit"><span class="pricePerUnitUnit">unit</span></abbr>
</p>
 
    <p class="pricePerMeasure">£0.77<abbr title="per">/</abbr>100<abbr title="gram"><span class="pricePerMeasureMeasure">g</span></abbr>
    </p>

	                        </div>                        
	                        
	                                    <div class="addToTrolleyForm ">                                    	
	                                        
	                                        <!-- BEGIN AddToTrolley.jsp -->

		<form class="addToTrolleyForm" name="OrderItemAddForm_30453" action="OrderItemAdd" method="post" id="OrderItemAddForm_30453">
		    <input type="hidden" name="storeId" value="10151"><input type="hidden" name="langId" value="44"><input type="hidden" name="catalogId" value="10241"><input type="hidden" name="errorViewName" value="CategoryDisplayView"><input type="hidden" name="SKU_ID" value="7498358"><input type="hidden" name="itemType" value=""><label class="access" for="quantity_30452">Quantity</label>
		        
					<input name="quantity" id="quantity_30452" type="text" size="3" value="1" class="quantity"><input type="hidden" name="catEntryId" value="30453"><input type="hidden" name="productId" value="30452"><input type="hidden" name="URL" value="http://www.sainsburys.co.uk/webapp/wcs/stores/servlet/CategoryDisplay?msg=&amp;langId=44&amp;storeId=10151&amp;krypto=vuAEiKPomv7LzzLk%2BVntwQI2vl4izu3clBqtkogv%2FZwrj4R8b2ZBCcL%2FQrlnn9saozDy8%2BJU2ynokAemMRBdS7GrI2CqTp6A3bMlXAkKGxVQCgRnSG1cBngQPy4ef65F8l4za2td9XxrYOb5hBqGAS13oXOAdUHexP8bwEcfb5g%3D&amp;ddkey=http%3Agb%2Fgroceries%2Ffood-cupboard%2Fsnacking-fruit-nuts"><input type="hidden" name="page" value=""><input type="hidden" name="contractId" value=""><input type="hidden" name="calculateOrder" value="1"><input type="hidden" name="calculationUsage" value="-1,-2,-3"><input type="hidden" name="updateable" value="1"><input type="hidden" name="merge" value="***"><input type="hidden" name="callAjax" value="false"><input class="button process" type="submit" name="Add" value="Add">
</form>
	<!-- END AddToTrolley.jsp -->
        <div class="numberInTrolley hidden numberInTrolley_30452" id="numberInTrolley_30452">
            
        </div>
    
	                                    </div>
		                                
                        </div>
                        <!-- Start AddToSubscriptionList.jspf --><!-- Start AddToSubscriptionList.jsp --><!-- End AddToSubscriptionList.jsp --><!-- End AddToSubscriptionList.jspf -->
                    </div>
		                        
                        <!-- </div> -->
                </div>     
        	</div>

            
        <div class="strapline"><a href="http://www.sainsburys.co.uk/shop/PromotionDisplayView?catalogId=10245&amp;langId=44&amp;productId=30452&amp;storeId=10151&amp;promotionId=10233565"><img src="/wcsstore7.20.1.145/SainsburysStorefrontAssetStore/wcassets/icons/special/img-special-offer.png" alt="Special Offer"></a></div>
    <!--ThumbnailRestriction -->
                        
            <div class="errorBanner hidden" id="error30453"></div>                                 
               <div id="additionalItems_30453" class="additionalItems">
			        <!-- BEGIN MerchandisingAssociationsDisplay.jsp --><!-- Start - JSP File Name:  MerchandisingAssociationsDisplay.jsp --><!-- BEGIN CatalogEntryThumbnailMerchandisingAssociation.jspf -->                    
                    <div id="sitecatalyst_SELL_TYPE_1076938" class="siteCatalystTag">X-SELL</div>
                    <div class="crossSell">
                        <div class="crossSellTitle">
                            <!-- BEGIN ContentDisplay.jsp -->
	                <img src="/wcsstore7.20.1.145/SainsburysStorefrontAssetStore/wcassets/merchandising_associations/you_may_also_like_grid_202x32.gif" alt="wcassets/merchandising_associations/you_may_also_like_grid_202x32.gif" border="0"><!-- end: ContentDisplay.jsp -->
</div>
                        <div class="errorBanner hidden" id="error1382961076939"></div>
                        <div class="crossSellContent">
	                        <div class="pricingAndTrolleyFormWrapper"> 
		                         <div class="pricingReviews">
		                            <div class="pricing">
		                                
	<p class="pricePerUnit">
    £2.00<abbr title="per">/</abbr><abbr title="unit"><span class="pricePerUnitUnit">unit</span></abbr>
</p>
 
    <p class="pricePerMeasure">£2.00<abbr title="per">/</abbr><abbr title="each"><span class="pricePerMeasureMeasure">ea</span></abbr>
    </p>

		                            </div>
		                        </div>
		                        <div class="addToTrolleyForm ">
		                           
		                            <!-- BEGIN AddToTrolley.jsp -->

		<form class="addToTrolleyForm" name="OrderItemAddForm_1076939_138296" action="OrderItemAdd" method="post" id="OrderItemAddForm_138296_1076939">
		    <input type="hidden" name="storeId" value="10151"><input type="hidden" name="langId" value="44"><input type="hidden" name="catalogId" value="10241"><input type="hidden" name="errorViewName" value="CategoryDisplayView"><input type="hidden" name="SKU_ID" value="130845394"><input type="hidden" name="itemType" value="X-SELL"><label class="access" for="quantity_1076938">Quantity</label>
		        
					<input name="quantity" id="quantity_1076938" type="text" size="3" value="1" class="quantity"><input type="hidden" name="catEntryId" value="1076939"><input type="hidden" name="productId" value="1076938"><input type="hidden" name="URL" value="http://www.sainsburys.co.uk/webapp/wcs/stores/servlet/CategoryDisplay?msg=&amp;langId=44&amp;storeId=10151&amp;krypto=vuAEiKPomv7LzzLk%2BVntwQI2vl4izu3clBqtkogv%2FZwrj4R8b2ZBCcL%2FQrlnn9saozDy8%2BJU2ynokAemMRBdS7GrI2CqTp6A3bMlXAkKGxVQCgRnSG1cBngQPy4ef65F8l4za2td9XxrYOb5hBqGAS13oXOAdUHexP8bwEcfb5g%3D&amp;ddkey=http%3Agb%2Fgroceries%2Ffood-cupboard%2Fsnacking-fruit-nuts"><input type="hidden" name="page" value=""><input type="hidden" name="contractId" value=""><input type="hidden" name="calculateOrder" value="1"><input type="hidden" name="calculationUsage" value="-1,-2,-3"><input type="hidden" name="updateable" value="1"><input type="hidden" name="merge" value="***"><input type="hidden" name="callAjax" value="false"><input class="button process" type="submit" name="Add" value="Add">
</form>
	<!-- END AddToTrolley.jsp -->
        <div class="numberInTrolley hidden numberInTrolley_1076938" id="numberInTrolley_1076938">
            
        </div>
    
		                        </div>
		                    </div>                
	                        <div class="crossSellInfo">
	                            <h4 class="crossSellName">
                                    <span class="access">Try this product with </span>
	                                <a href="http://www.sainsburys.co.uk/shop/gb/groceries/red-nose-day-2017-snack-pot-130845351-p">
	                                    Red Nose Day 2017 Snack Pot
	                                    <img src="/wcsstore7.20.1.145/SainsburysStorefrontAssetStore/wcassets/product_images/GM/media_130845351_S.jpg" alt=""></a>
	                            </h4>
	                            
	                        </div>
	                    </div>
	                    <!--ThumbnailRestriction -->
                    </div>                
            
                <!-- END CatalogEntryThumbnailMerchandisingAssociation.jspf --><!-- END MerchandisingAssociationsDisplay.jsp --> 
	    		</div>
	    <!-- END CatalogEntryThumbnailDisplay.jsp -->
	                            </div>
</li>
	                         

	                            <li class="gridItem" style="min-height: 620px;">
	                                <!-- BEGIN CatalogEntryThumbnailDisplay.jsp --><!-- BEGIN MerchandisingAssociationsDisplay.jsp --><!-- Start - JSP File Name:  MerchandisingAssociationsDisplay.jsp -->
    <div class="coverage ranged"></div>
<!-- END MerchandisingAssociationsDisplay.jsp -->
            <div class="product  highlighted specialOffer straplineRow">
                
                <div class="productInfo">
                    <div class="productNameAndPromotions">
                        
                                  <h3>
                                    <a href="http://www.sainsburys.co.uk/shop/gb/groceries/snacking-fruit-nuts/bear-yo-yos-strawberry-snacking-fruit-5x20g">
                                        Bear Yo Yo's Strawberry Snacking Fruit 5x20g
                                        <img src="http://c2.sainsburys.co.uk/wcsstore7.20.1.145/ExtendedSitesCatalogAssetStore/images/catalog/productImages/64/5060139430364/5060139430364_L.jpeg" alt=""></a>
                                </h3>
                              
    <div class="promotion">
                   
		            <p><a href="http://www.sainsburys.co.uk/shop/PromotionDisplayView?catalogId=10245&amp;langId=44&amp;productId=30710&amp;storeId=10151&amp;promotionId=10233449"><!-- BEGIN include/PromotionStrapline.jspf -->Only £2.00: Save 30p<br><!-- FINISH include/PromotionStrapline.jspf --></a></p>
		                        
    </div>

                    </div> 
                </div>
                
        <div class="strapline"><a href="http://www.sainsburys.co.uk/shop/PromotionDisplayView?catalogId=10245&amp;langId=44&amp;productId=30710&amp;storeId=10151&amp;promotionId=10233449"><img src="/wcsstore7.20.1.145/SainsburysStorefrontAssetStore/wcassets/icons/special/img-special-offer.png" alt="Special Offer"></a></div>
    
                <div class="errorBanner hidden" id="error30711"></div>
                <div class="addToTrolleytabBox">   
                    <!--addToTrolleytabBox GRID VIEW --><!-- Start UserSubscribedOrNot.jspf --><!-- Start UserSubscribedOrNot.jsp --><!-- 
			If the user is not logged in, render this opening 
			DIV adding an addtional class to fix the border top which is removed 
			and replaced by the tabs
		-->
		<div class="addToTrolleytabContainer addItemBorderTop">
	<!-- End AddToSubscriptionList.jsp --><!-- End AddSubscriptionList.jspf --><!-- 
                    ATTENTION!!!
                    <div class="addToTrolleytabContainer">
                    This opening div is inside "../../ReusableObjects/UserSubscribedOrNot.jsp"
                    -->
                    <div class="pricingAndTrolleyOptions">
                    	
                                    <div class="priceTab priceTabContainer activeContainer addItem" id="addItem_30711">
                                       <div class="pricing">
                                           
	<p class="pricePerUnit">
    £2.00<abbr title="per">/</abbr><abbr title="unit"><span class="pricePerUnitUnit">unit</span></abbr>
</p>
 
    <p class="pricePerMeasure">£2.00<abbr title="per">/</abbr>100<abbr title="gram"><span class="pricePerMeasureMeasure">g</span></abbr>
    </p>

                                       </div>                                      

                                     
                                        <div class="addToTrolleyForm "> 
                                           <!-- BEGIN AddToTrolley.jsp -->

		<form class="addToTrolleyForm" name="OrderItemAddForm_30711" action="OrderItemAdd" method="post" id="OrderItemAddForm_30711">
		    <input type="hidden" name="storeId" value="10151"><input type="hidden" name="langId" value="44"><input type="hidden" name="catalogId" value="10241"><input type="hidden" name="errorViewName" value="CategoryDisplayView"><input type="hidden" name="SKU_ID" value="7502326"><input type="hidden" name="itemType" value=""><label class="access" for="quantity_30710">Quantity</label>
		        
					<input name="quantity" id="quantity_30710" type="text" size="3" value="1" class="quantity"><input type="hidden" name="catEntryId" value="30711"><input type="hidden" name="productId" value="30710"><input type="hidden" name="URL" value="http://www.sainsburys.co.uk/webapp/wcs/stores/servlet/CategoryDisplay?msg=&amp;langId=44&amp;storeId=10151&amp;krypto=vuAEiKPomv7LzzLk%2BVntwQI2vl4izu3clBqtkogv%2FZwrj4R8b2ZBCcL%2FQrlnn9saozDy8%2BJU2ynokAemMRBdS7GrI2CqTp6A3bMlXAkKGxVQCgRnSG1cBngQPy4ef65F8l4za2td9XxrYOb5hBqGAS13oXOAdUHexP8bwEcfb5g%3D&amp;ddkey=http%3Agb%2Fgroceries%2Ffood-cupboard%2Fsnacking-fruit-nuts"><input type="hidden" name="page" value=""><input type="hidden" name="contractId" value=""><input type="hidden" name="calculateOrder" value="1"><input type="hidden" name="calculationUsage" value="-1,-2,-3"><input type="hidden" name="updateable" value="1"><input type="hidden" name="merge" value="***"><input type="hidden" name="callAjax" value="false"><input class="button process" type="submit" name="Add" value="Add">
</form>
	<!-- END AddToTrolley.jsp -->
        <div class="numberInTrolley hidden numberInTrolley_30710" id="numberInTrolley_30710">
            
        </div>
    
                                        </div>

                                        <!-- BEGIN CatalogEntryRatingsReviewsInfo.jspf --><!-- productAllowedRatingsAndReviews: true -->
    <div class="reviews">
        
            <a class="numberOfReviews" href="http://www.sainsburys.co.uk/shop/gb/groceries/snacking-fruit-nuts/bear-yo-yos-strawberry-snacking-fruit-5x20g#reviews">
                <img src="http://c2.sainsburys.co.uk/wcsstore7.20.1.145/SainsburysStorefrontAssetStore/img/stars/rating-4_5.gif" alt="4.5" border="0">  
                Reviews (6)
            </a>
        
    </div>
<!-- END CatalogEntryRatingsReviewsInfo.jspf -->
                                   </div>
                               <!-- Start AddToSubscriptionList.jspf --><!-- Start AddToSubscriptionList.jsp --><!-- End AddToSubscriptionList.jsp --><!-- End AddToSubscriptionList.jspf -->     
                    </div>
                            
                    
                </div>     
            </div>
            <!--ThumbnailRestriction --><!-- END CatalogEntryThumbnailDisplay.jsp -->
	                            </div>
</li>
	                         

	                            <li class="gridItem" style="min-height: 620px;">
	                                <!-- BEGIN CatalogEntryThumbnailDisplay.jsp --><!-- BEGIN MerchandisingAssociationsDisplay.jsp --><!-- Start - JSP File Name:  MerchandisingAssociationsDisplay.jsp --><!-- END MerchandisingAssociationsDisplay.jsp -->
            <div class="product  straplineRow">
                
                <div class="productInfo">
                    <div class="productNameAndPromotions">
                        
                                  <h3>
                                    <a href="http://www.sainsburys.co.uk/shop/gb/groceries/snacking-fruit-nuts/sainsburys-dates--ready-to-eat-250g">
                                        Sainsbury's Dates 250g
                                        <img src="http://c2.sainsburys.co.uk/wcsstore7.20.1.145/ExtendedSitesCatalogAssetStore/images/catalog/productImages/20/0000001385120/0000001385120_L.jpeg" alt=""></a>
                                </h3>
                              
                    </div> 
                </div>
                
                <div class="errorBanner hidden" id="error17391"></div>
                <div class="addToTrolleytabBox">   
                    <!--addToTrolleytabBox GRID VIEW --><!-- Start UserSubscribedOrNot.jspf --><!-- Start UserSubscribedOrNot.jsp --><!-- 
			If the user is not logged in, render this opening 
			DIV adding an addtional class to fix the border top which is removed 
			and replaced by the tabs
		-->
		<div class="addToTrolleytabContainer addItemBorderTop">
	<!-- End AddToSubscriptionList.jsp --><!-- End AddSubscriptionList.jspf --><!-- 
                    ATTENTION!!!
                    <div class="addToTrolleytabContainer">
                    This opening div is inside "../../ReusableObjects/UserSubscribedOrNot.jsp"
                    -->
                    <div class="pricingAndTrolleyOptions">
                    	
                                    <div class="priceTab priceTabContainer activeContainer addItem" id="addItem_17391">
                                       <div class="pricing">
                                           
	<p class="pricePerUnit">
    £2.00<abbr title="per">/</abbr><abbr title="unit"><span class="pricePerUnitUnit">unit</span></abbr>
</p>
 
    <p class="pricePerMeasure">£0.80<abbr title="per">/</abbr>100<abbr title="gram"><span class="pricePerMeasureMeasure">g</span></abbr>
    </p>

                                       </div>                                      

                                     
                                        <div class="addToTrolleyForm "> 
                                           <!-- BEGIN AddToTrolley.jsp -->

		<form class="addToTrolleyForm" name="OrderItemAddForm_17391" action="OrderItemAdd" method="post" id="OrderItemAddForm_17391">
		    <input type="hidden" name="storeId" value="10151"><input type="hidden" name="langId" value="44"><input type="hidden" name="catalogId" value="10241"><input type="hidden" name="errorViewName" value="CategoryDisplayView"><input type="hidden" name="SKU_ID" value="1385090"><input type="hidden" name="itemType" value=""><label class="access" for="quantity_17390">Quantity</label>
		        
					<input name="quantity" id="quantity_17390" type="text" size="3" value="1" class="quantity"><input type="hidden" name="catEntryId" value="17391"><input type="hidden" name="productId" value="17390"><input type="hidden" name="URL" value="http://www.sainsburys.co.uk/webapp/wcs/stores/servlet/CategoryDisplay?msg=&amp;langId=44&amp;storeId=10151&amp;krypto=vuAEiKPomv7LzzLk%2BVntwQI2vl4izu3clBqtkogv%2FZwrj4R8b2ZBCcL%2FQrlnn9saozDy8%2BJU2ynokAemMRBdS7GrI2CqTp6A3bMlXAkKGxVQCgRnSG1cBngQPy4ef65F8l4za2td9XxrYOb5hBqGAS13oXOAdUHexP8bwEcfb5g%3D&amp;ddkey=http%3Agb%2Fgroceries%2Ffood-cupboard%2Fsnacking-fruit-nuts"><input type="hidden" name="page" value=""><input type="hidden" name="contractId" value=""><input type="hidden" name="calculateOrder" value="1"><input type="hidden" name="calculationUsage" value="-1,-2,-3"><input type="hidden" name="updateable" value="1"><input type="hidden" name="merge" value="***"><input type="hidden" name="callAjax" value="false"><input class="button process" type="submit" name="Add" value="Add">
</form>
	<!-- END AddToTrolley.jsp -->
        <div class="numberInTrolley hidden numberInTrolley_17390" id="numberInTrolley_17390">
            
        </div>
    
                                        </div>

                                        <!-- BEGIN CatalogEntryRatingsReviewsInfo.jspf --><!-- productAllowedRatingsAndReviews: true -->
    <div class="reviews">
        
            <a class="numberOfReviews" href="http://www.sainsburys.co.uk/shop/gb/groceries/snacking-fruit-nuts/sainsburys-dates--ready-to-eat-250g#reviews">
                <img src="http://c2.sainsburys.co.uk/wcsstore7.20.1.145/SainsburysStorefrontAssetStore/img/stars/rating-4_8.gif" alt="4.75" border="0">  
                Reviews (4)
            </a>
        
    </div>
<!-- END CatalogEntryRatingsReviewsInfo.jspf -->
                                   </div>
                               <!-- Start AddToSubscriptionList.jspf --><!-- Start AddToSubscriptionList.jsp --><!-- End AddToSubscriptionList.jsp --><!-- End AddToSubscriptionList.jspf -->     
                    </div>
                            
                    
                </div>     
            </div>
            <!--ThumbnailRestriction --><!-- END CatalogEntryThumbnailDisplay.jsp -->
	                            </div>
</li>
	                         

	                            <li class="gridItem" style="min-height: 450px;">
	                                <!-- BEGIN CatalogEntryThumbnailDisplay.jsp --><!-- BEGIN MerchandisingAssociationsDisplay.jsp --><!-- Start - JSP File Name:  MerchandisingAssociationsDisplay.jsp --><!-- END MerchandisingAssociationsDisplay.jsp -->
            <div class="product  highlighted specialOffer straplineRow">
                
                <div class="productInfo">
                    <div class="productNameAndPromotions">
                        
                                  <h3>
                                    <a href="http://www.sainsburys.co.uk/shop/gb/groceries/snacking-fruit-nuts/fruit-bowl-strawberry-fruit-yogurt-flakes-5x25g">
                                        Fruit Bowl Strawberry Fruit Yogurt Flakes 6x21g
                                        <img src="http://c2.sainsburys.co.uk/wcsstore7.20.1.145/ExtendedSitesCatalogAssetStore/images/catalog/productImages/30/5060011814930/5060011814930_L.jpeg" alt=""></a>
                                </h3>
                              
    <div class="promotion">
                   
		            <p><a href="http://www.sainsburys.co.uk/shop/PromotionDisplayView?catalogId=10245&amp;langId=44&amp;productId=21924&amp;storeId=10151&amp;promotionId=10233400"><!-- BEGIN include/PromotionStrapline.jspf -->Only £1.50: Save 50p<br><!-- FINISH include/PromotionStrapline.jspf --></a></p>
		                        
    </div>

                    </div> 
                </div>
                
        <div class="strapline"><a href="http://www.sainsburys.co.uk/shop/PromotionDisplayView?catalogId=10245&amp;langId=44&amp;productId=21924&amp;storeId=10151&amp;promotionId=10233400"><img src="/wcsstore7.20.1.145/SainsburysStorefrontAssetStore/wcassets/icons/special/img-special-offer.png" alt="Special Offer"></a></div>
    
                <div class="errorBanner hidden" id="error21925"></div>
                <div class="addToTrolleytabBox">   
                    <!--addToTrolleytabBox GRID VIEW --><!-- Start UserSubscribedOrNot.jspf --><!-- Start UserSubscribedOrNot.jsp --><!-- 
			If the user is not logged in, render this opening 
			DIV adding an addtional class to fix the border top which is removed 
			and replaced by the tabs
		-->
		<div class="addToTrolleytabContainer addItemBorderTop">
	<!-- End AddToSubscriptionList.jsp --><!-- End AddSubscriptionList.jspf --><!-- 
                    ATTENTION!!!
                    <div class="addToTrolleytabContainer">
                    This opening div is inside "../../ReusableObjects/UserSubscribedOrNot.jsp"
                    -->
                    <div class="pricingAndTrolleyOptions">
                    	
                                    <div class="priceTab priceTabContainer activeContainer addItem" id="addItem_21925">
                                       <div class="pricing">
                                           
	<p class="pricePerUnit">
    £1.50<abbr title="per">/</abbr><abbr title="unit"><span class="pricePerUnitUnit">unit</span></abbr>
</p>
 
    <p class="pricePerMeasure">£1.19<abbr title="per">/</abbr>100<abbr title="gram"><span class="pricePerMeasureMeasure">g</span></abbr>
    </p>

                                       </div>                                      

                                     
                                        <div class="addToTrolleyForm "> 
                                           <!-- BEGIN AddToTrolley.jsp -->

		<form class="addToTrolleyForm" name="OrderItemAddForm_21925" action="OrderItemAdd" method="post" id="OrderItemAddForm_21925">
		    <input type="hidden" name="storeId" value="10151"><input type="hidden" name="langId" value="44"><input type="hidden" name="catalogId" value="10241"><input type="hidden" name="errorViewName" value="CategoryDisplayView"><input type="hidden" name="SKU_ID" value="6601882"><input type="hidden" name="itemType" value=""><label class="access" for="quantity_21924">Quantity</label>
		        
					<input name="quantity" id="quantity_21924" type="text" size="3" value="1" class="quantity"><input type="hidden" name="catEntryId" value="21925"><input type="hidden" name="productId" value="21924"><input type="hidden" name="URL" value="http://www.sainsburys.co.uk/webapp/wcs/stores/servlet/CategoryDisplay?msg=&amp;langId=44&amp;storeId=10151&amp;krypto=vuAEiKPomv7LzzLk%2BVntwQI2vl4izu3clBqtkogv%2FZwrj4R8b2ZBCcL%2FQrlnn9saozDy8%2BJU2ynokAemMRBdS7GrI2CqTp6A3bMlXAkKGxVQCgRnSG1cBngQPy4ef65F8l4za2td9XxrYOb5hBqGAS13oXOAdUHexP8bwEcfb5g%3D&amp;ddkey=http%3Agb%2Fgroceries%2Ffood-cupboard%2Fsnacking-fruit-nuts"><input type="hidden" name="page" value=""><input type="hidden" name="contractId" value=""><input type="hidden" name="calculateOrder" value="1"><input type="hidden" name="calculationUsage" value="-1,-2,-3"><input type="hidden" name="updateable" value="1"><input type="hidden" name="merge" value="***"><input type="hidden" name="callAjax" value="false"><input class="button process" type="submit" name="Add" value="Add">
</form>
	<!-- END AddToTrolley.jsp -->
        <div class="numberInTrolley hidden numberInTrolley_21924" id="numberInTrolley_21924">
            
        </div>
    
                                        </div>

                                        <!-- BEGIN CatalogEntryRatingsReviewsInfo.jspf --><!-- productAllowedRatingsAndReviews: true -->
    <div class="reviews">
        
            <a class="numberOfReviews" href="http://www.sainsburys.co.uk/shop/gb/groceries/snacking-fruit-nuts/fruit-bowl-strawberry-fruit-yogurt-flakes-5x25g#reviews">
                <img src="http://c2.sainsburys.co.uk/wcsstore7.20.1.145/SainsburysStorefrontAssetStore/img/stars/rating-5_0.gif" alt="5.0" border="0">  
                Reviews (1)
            </a>
        
    </div>
<!-- END CatalogEntryRatingsReviewsInfo.jspf -->
                                   </div>
                               <!-- Start AddToSubscriptionList.jspf --><!-- Start AddToSubscriptionList.jsp --><!-- End AddToSubscriptionList.jsp --><!-- End AddToSubscriptionList.jspf -->     
                    </div>
                            
                    
                </div>     
            </div>
            <!--ThumbnailRestriction --><!-- END CatalogEntryThumbnailDisplay.jsp -->
	                            </div>
</li>
	                         

	                            <li class="gridItem" style="min-height: 450px;">
	                                <!-- BEGIN CatalogEntryThumbnailDisplay.jsp --><!-- BEGIN MerchandisingAssociationsDisplay.jsp --><!-- Start - JSP File Name:  MerchandisingAssociationsDisplay.jsp --><!-- END MerchandisingAssociationsDisplay.jsp -->
            <div class="product  straplineRow">
                
                <div class="productInfo">
                    <div class="productNameAndPromotions">
                        
                                  <h3>
                                    <a href="http://www.sainsburys.co.uk/shop/gb/groceries/snacking-fruit-nuts/sainsburys-dried-prunes--ready-to-eat-500g">
                                        Sainsbury's Prunes 500g
                                        <img src="http://c2.sainsburys.co.uk/wcsstore7.20.1.145/ExtendedSitesCatalogAssetStore/images/catalog/productImages/23/0000001031423/0000001031423_L.jpeg" alt=""></a>
                                </h3>
                              
                    </div> 
                </div>
                
                <div class="errorBanner hidden" id="error17047"></div>
                <div class="addToTrolleytabBox">   
                    <!--addToTrolleytabBox GRID VIEW --><!-- Start UserSubscribedOrNot.jspf --><!-- Start UserSubscribedOrNot.jsp --><!-- 
			If the user is not logged in, render this opening 
			DIV adding an addtional class to fix the border top which is removed 
			and replaced by the tabs
		-->
		<div class="addToTrolleytabContainer addItemBorderTop">
	<!-- End AddToSubscriptionList.jsp --><!-- End AddSubscriptionList.jspf --><!-- 
                    ATTENTION!!!
                    <div class="addToTrolleytabContainer">
                    This opening div is inside "../../ReusableObjects/UserSubscribedOrNot.jsp"
                    -->
                    <div class="pricingAndTrolleyOptions">
                    	
                                    <div class="priceTab priceTabContainer activeContainer addItem" id="addItem_17047">
                                       <div class="pricing">
                                           
	<p class="pricePerUnit">
    £2.00<abbr title="per">/</abbr><abbr title="unit"><span class="pricePerUnitUnit">unit</span></abbr>
</p>
 
    <p class="pricePerMeasure">£0.40<abbr title="per">/</abbr>100<abbr title="gram"><span class="pricePerMeasureMeasure">g</span></abbr>
    </p>

                                       </div>                                      

                                     
                                        <div class="addToTrolleyForm "> 
                                           <!-- BEGIN AddToTrolley.jsp -->

		<form class="addToTrolleyForm" name="OrderItemAddForm_17047" action="OrderItemAdd" method="post" id="OrderItemAddForm_17047">
		    <input type="hidden" name="storeId" value="10151"><input type="hidden" name="langId" value="44"><input type="hidden" name="catalogId" value="10241"><input type="hidden" name="errorViewName" value="CategoryDisplayView"><input type="hidden" name="SKU_ID" value="1031423"><input type="hidden" name="itemType" value=""><label class="access" for="quantity_17046">Quantity</label>
		        
					<input name="quantity" id="quantity_17046" type="text" size="3" value="1" class="quantity"><input type="hidden" name="catEntryId" value="17047"><input type="hidden" name="productId" value="17046"><input type="hidden" name="URL" value="http://www.sainsburys.co.uk/webapp/wcs/stores/servlet/CategoryDisplay?msg=&amp;langId=44&amp;storeId=10151&amp;krypto=vuAEiKPomv7LzzLk%2BVntwQI2vl4izu3clBqtkogv%2FZwrj4R8b2ZBCcL%2FQrlnn9saozDy8%2BJU2ynokAemMRBdS7GrI2CqTp6A3bMlXAkKGxVQCgRnSG1cBngQPy4ef65F8l4za2td9XxrYOb5hBqGAS13oXOAdUHexP8bwEcfb5g%3D&amp;ddkey=http%3Agb%2Fgroceries%2Ffood-cupboard%2Fsnacking-fruit-nuts"><input type="hidden" name="page" value=""><input type="hidden" name="contractId" value=""><input type="hidden" name="calculateOrder" value="1"><input type="hidden" name="calculationUsage" value="-1,-2,-3"><input type="hidden" name="updateable" value="1"><input type="hidden" name="merge" value="***"><input type="hidden" name="callAjax" value="false"><input class="button process" type="submit" name="Add" value="Add">
</form>
	<!-- END AddToTrolley.jsp -->
        <div class="numberInTrolley hidden numberInTrolley_17046" id="numberInTrolley_17046">
            
        </div>
    
                                        </div>

                                        <!-- BEGIN CatalogEntryRatingsReviewsInfo.jspf --><!-- productAllowedRatingsAndReviews: true -->
    <div class="reviews">
        
            <a class="numberOfReviews" href="http://www.sainsburys.co.uk/shop/gb/groceries/snacking-fruit-nuts/sainsburys-dried-prunes--ready-to-eat-500g#reviews">
                <img src="http://c2.sainsburys.co.uk/wcsstore7.20.1.145/SainsburysStorefrontAssetStore/img/stars/rating-3_0.gif" alt="3.0" border="0">  
                Reviews (5)
            </a>
        
    </div>
<!-- END CatalogEntryRatingsReviewsInfo.jspf -->
                                   </div>
                               <!-- Start AddToSubscriptionList.jspf --><!-- Start AddToSubscriptionList.jsp --><!-- End AddToSubscriptionList.jsp --><!-- End AddToSubscriptionList.jspf -->     
                    </div>
                            
                    
                </div>     
            </div>
            <!--ThumbnailRestriction --><!-- END CatalogEntryThumbnailDisplay.jsp -->
	                            </div>
</li>
	                         

	                            <li class="gridItem" style="min-height: 450px;">
	                                <!-- BEGIN CatalogEntryThumbnailDisplay.jsp --><!-- BEGIN MerchandisingAssociationsDisplay.jsp --><!-- Start - JSP File Name:  MerchandisingAssociationsDisplay.jsp --><!-- END MerchandisingAssociationsDisplay.jsp -->
            <div class="product  straplineRow">
                
                <div class="productInfo">
                    <div class="productNameAndPromotions">
                        
                                  <h3>
                                    <a href="http://www.sainsburys.co.uk/shop/gb/groceries/snacking-fruit-nuts/bear-yo-yos-snacking-fruit--mango-2x10g">
                                        Bear Yo Yo's Mango Snacking Fruit 20g
                                        <img src="http://c2.sainsburys.co.uk/wcsstore7.20.1.145/ExtendedSitesCatalogAssetStore/images/catalog/productImages/19/5060139431019/5060139431019_L.jpeg" alt=""></a>
                                </h3>
                              
                    </div> 
                </div>
                
                <div class="errorBanner hidden" id="error35007"></div>
                <div class="addToTrolleytabBox">   
                    <!--addToTrolleytabBox GRID VIEW --><!-- Start UserSubscribedOrNot.jspf --><!-- Start UserSubscribedOrNot.jsp --><!-- 
			If the user is not logged in, render this opening 
			DIV adding an addtional class to fix the border top which is removed 
			and replaced by the tabs
		-->
		<div class="addToTrolleytabContainer addItemBorderTop">
	<!-- End AddToSubscriptionList.jsp --><!-- End AddSubscriptionList.jspf --><!-- 
                    ATTENTION!!!
                    <div class="addToTrolleytabContainer">
                    This opening div is inside "../../ReusableObjects/UserSubscribedOrNot.jsp"
                    -->
                    <div class="pricingAndTrolleyOptions">
                    	
                                    <div class="priceTab priceTabContainer activeContainer addItem" id="addItem_35007">
                                       <div class="pricing">
                                           
	<p class="pricePerUnit">
    £0.55<abbr title="per">/</abbr><abbr title="unit"><span class="pricePerUnitUnit">unit</span></abbr>
</p>
 
    <p class="pricePerMeasure">£2.75<abbr title="per">/</abbr>100<abbr title="gram"><span class="pricePerMeasureMeasure">g</span></abbr>
    </p>

                                       </div>                                      

                                     
                                        <div class="addToTrolleyForm "> 
                                           <!-- BEGIN AddToTrolley.jsp -->

		<form class="addToTrolleyForm" name="OrderItemAddForm_35007" action="OrderItemAdd" method="post" id="OrderItemAddForm_35007">
		    <input type="hidden" name="storeId" value="10151"><input type="hidden" name="langId" value="44"><input type="hidden" name="catalogId" value="10241"><input type="hidden" name="errorViewName" value="CategoryDisplayView"><input type="hidden" name="SKU_ID" value="7607721"><input type="hidden" name="itemType" value=""><label class="access" for="quantity_35006">Quantity</label>
		        
					<input name="quantity" id="quantity_35006" type="text" size="3" value="1" class="quantity"><input type="hidden" name="catEntryId" value="35007"><input type="hidden" name="productId" value="35006"><input type="hidden" name="URL" value="http://www.sainsburys.co.uk/webapp/wcs/stores/servlet/CategoryDisplay?msg=&amp;langId=44&amp;storeId=10151&amp;krypto=vuAEiKPomv7LzzLk%2BVntwQI2vl4izu3clBqtkogv%2FZwrj4R8b2ZBCcL%2FQrlnn9saozDy8%2BJU2ynokAemMRBdS7GrI2CqTp6A3bMlXAkKGxVQCgRnSG1cBngQPy4ef65F8l4za2td9XxrYOb5hBqGAS13oXOAdUHexP8bwEcfb5g%3D&amp;ddkey=http%3Agb%2Fgroceries%2Ffood-cupboard%2Fsnacking-fruit-nuts"><input type="hidden" name="page" value=""><input type="hidden" name="contractId" value=""><input type="hidden" name="calculateOrder" value="1"><input type="hidden" name="calculationUsage" value="-1,-2,-3"><input type="hidden" name="updateable" value="1"><input type="hidden" name="merge" value="***"><input type="hidden" name="callAjax" value="false"><input class="button process" type="submit" name="Add" value="Add">
</form>
	<!-- END AddToTrolley.jsp -->
        <div class="numberInTrolley hidden numberInTrolley_35006" id="numberInTrolley_35006">
            
        </div>
    
                                        </div>

                                        <!-- BEGIN CatalogEntryRatingsReviewsInfo.jspf --><!-- productAllowedRatingsAndReviews: true -->
    <div class="reviews">
        
	        <a class="numberOfReviews repressive" href="http://reviews.sainsburys.co.uk//8076-en_gb/7607721-P/writereview.htm?submissionurl=http%3A%2F%2Fwww.sainsburys.co.uk%2Fwebapp%2Fwcs%2Fstores%2Fservlet%2FBVReviewSubmitDisplay%3FcatalogId%3D10245%26storeId%3D10151%26recipe%3D%26langId%3D44%26productId%3D7607721-P&amp;return=http%3A%2F%2Fwww.sainsburys.co.uk%2Fwebapp%2Fwcs%2Fstores%2Fservlet%2FCategoryDisplay%3FpageSize%3D100">
	    Write a review
          	</a>
        
    </div>
<!-- END CatalogEntryRatingsReviewsInfo.jspf -->
                                   </div>
                               <!-- Start AddToSubscriptionList.jspf --><!-- Start AddToSubscriptionList.jsp --><!-- End AddToSubscriptionList.jsp --><!-- End AddToSubscriptionList.jspf -->     
                    </div>
                            
                    
                </div>     
            </div>
            <!--ThumbnailRestriction --><!-- END CatalogEntryThumbnailDisplay.jsp -->
	                            </div>
</li>
	                         

	                            <li class="gridItem" style="min-height: 449px;">
	                                <!-- BEGIN CatalogEntryThumbnailDisplay.jsp --><!-- BEGIN MerchandisingAssociationsDisplay.jsp --><!-- Start - JSP File Name:  MerchandisingAssociationsDisplay.jsp --><!-- END MerchandisingAssociationsDisplay.jsp -->
            <div class="product  straplineRow">
                
                <div class="productInfo">
                    <div class="productNameAndPromotions">
                        
                                  <h3>
                                    <a href="http://www.sainsburys.co.uk/shop/gb/groceries/snacking-fruit-nuts/kelloggs-winders-strawberry-double-6x17g">
                                        Kellogg's Strawberry Fruit Winders 6x17g
                                        <img src="http://c2.sainsburys.co.uk/wcsstore7.20.1.145/ExtendedSitesCatalogAssetStore/images/catalog/productImages/27/5050083240027/5050083240027_L.jpeg" alt=""></a>
                                </h3>
                              
                    </div> 
                </div>
                
                <div class="errorBanner hidden" id="error20961"></div>
                <div class="addToTrolleytabBox">   
                    <!--addToTrolleytabBox GRID VIEW --><!-- Start UserSubscribedOrNot.jspf --><!-- Start UserSubscribedOrNot.jsp --><!-- 
			If the user is not logged in, render this opening 
			DIV adding an addtional class to fix the border top which is removed 
			and replaced by the tabs
		-->
		<div class="addToTrolleytabContainer addItemBorderTop">
	<!-- End AddToSubscriptionList.jsp --><!-- End AddSubscriptionList.jspf --><!-- 
                    ATTENTION!!!
                    <div class="addToTrolleytabContainer">
                    This opening div is inside "../../ReusableObjects/UserSubscribedOrNot.jsp"
                    -->
                    <div class="pricingAndTrolleyOptions">
                    	
                                    <div class="priceTab priceTabContainer activeContainer addItem" id="addItem_20961">
                                       <div class="pricing">
                                           
	<p class="pricePerUnit">
    £2.00<abbr title="per">/</abbr><abbr title="unit"><span class="pricePerUnitUnit">unit</span></abbr>
</p>
 
    <p class="pricePerMeasure">£1.96<abbr title="per">/</abbr>100<abbr title="gram"><span class="pricePerMeasureMeasure">g</span></abbr>
    </p>

                                       </div>                                      

                                     
                                        <div class="addToTrolleyForm "> 
                                           <!-- BEGIN AddToTrolley.jsp -->

		<form class="addToTrolleyForm" name="OrderItemAddForm_20961" action="OrderItemAdd" method="post" id="OrderItemAddForm_20961">
		    <input type="hidden" name="storeId" value="10151"><input type="hidden" name="langId" value="44"><input type="hidden" name="catalogId" value="10241"><input type="hidden" name="errorViewName" value="CategoryDisplayView"><input type="hidden" name="SKU_ID" value="6329565"><input type="hidden" name="itemType" value=""><label class="access" for="quantity_20960">Quantity</label>
		        
					<input name="quantity" id="quantity_20960" type="text" size="3" value="1" class="quantity"><input type="hidden" name="catEntryId" value="20961"><input type="hidden" name="productId" value="20960"><input type="hidden" name="URL" value="http://www.sainsburys.co.uk/webapp/wcs/stores/servlet/CategoryDisplay?msg=&amp;langId=44&amp;storeId=10151&amp;krypto=vuAEiKPomv7LzzLk%2BVntwQI2vl4izu3clBqtkogv%2FZwrj4R8b2ZBCcL%2FQrlnn9saozDy8%2BJU2ynokAemMRBdS7GrI2CqTp6A3bMlXAkKGxVQCgRnSG1cBngQPy4ef65F8l4za2td9XxrYOb5hBqGAS13oXOAdUHexP8bwEcfb5g%3D&amp;ddkey=http%3Agb%2Fgroceries%2Ffood-cupboard%2Fsnacking-fruit-nuts"><input type="hidden" name="page" value=""><input type="hidden" name="contractId" value=""><input type="hidden" name="calculateOrder" value="1"><input type="hidden" name="calculationUsage" value="-1,-2,-3"><input type="hidden" name="updateable" value="1"><input type="hidden" name="merge" value="***"><input type="hidden" name="callAjax" value="false"><input class="button process" type="submit" name="Add" value="Add">
</form>
	<!-- END AddToTrolley.jsp -->
        <div class="numberInTrolley hidden numberInTrolley_20960" id="numberInTrolley_20960">
            
        </div>
    
                                        </div>

                                        <!-- BEGIN CatalogEntryRatingsReviewsInfo.jspf --><!-- productAllowedRatingsAndReviews: true -->
    <div class="reviews">
        
            <a class="numberOfReviews" href="http://www.sainsburys.co.uk/shop/gb/groceries/snacking-fruit-nuts/kelloggs-winders-strawberry-double-6x17g#reviews">
                <img src="http://c2.sainsburys.co.uk/wcsstore7.20.1.145/SainsburysStorefrontAssetStore/img/stars/rating-5_0.gif" alt="5.0" border="0">  
                Reviews (1)
            </a>
        
    </div>
<!-- END CatalogEntryRatingsReviewsInfo.jspf -->
                                   </div>
                               <!-- Start AddToSubscriptionList.jspf --><!-- Start AddToSubscriptionList.jsp --><!-- End AddToSubscriptionList.jsp --><!-- End AddToSubscriptionList.jspf -->     
                    </div>
                            
                    
                </div>     
            </div>
            <!--ThumbnailRestriction --><!-- END CatalogEntryThumbnailDisplay.jsp -->
	                            </div>
</li>
	                         

	                            <li class="gridItem" style="min-height: 449px;">
	                                <!-- BEGIN CatalogEntryThumbnailDisplay.jsp --><!-- BEGIN MerchandisingAssociationsDisplay.jsp --><!-- Start - JSP File Name:  MerchandisingAssociationsDisplay.jsp --><!-- END MerchandisingAssociationsDisplay.jsp -->
            <div class="product  highlighted specialOffer straplineRow">
                
                <div class="productInfo">
                    <div class="productNameAndPromotions">
                        
                                  <h3>
                                    <a href="http://www.sainsburys.co.uk/shop/gb/groceries/snacking-fruit-nuts/fruit-bowl-raisin-yogurt-flakes-5x30g">
                                        Fruit Bowl Raisin Yogurt Flakes 6x25g
                                        <img src="http://c2.sainsburys.co.uk/wcsstore7.20.1.145/ExtendedSitesCatalogAssetStore/images/catalog/productImages/61/5060011814961/5060011814961_L.jpeg" alt=""></a>
                                </h3>
                              
    <div class="promotion">
                   
		            <p><a href="http://www.sainsburys.co.uk/shop/PromotionDisplayView?catalogId=10245&amp;langId=44&amp;productId=24796&amp;storeId=10151&amp;promotionId=10233400"><!-- BEGIN include/PromotionStrapline.jspf -->Only £1.50: Save 50p<br><!-- FINISH include/PromotionStrapline.jspf --></a></p>
		                        
    </div>

                    </div> 
                </div>
                
        <div class="strapline"><a href="http://www.sainsburys.co.uk/shop/PromotionDisplayView?catalogId=10245&amp;langId=44&amp;productId=24796&amp;storeId=10151&amp;promotionId=10233400"><img src="/wcsstore7.20.1.145/SainsburysStorefrontAssetStore/wcassets/icons/special/img-special-offer.png" alt="Special Offer"></a></div>
    
                <div class="errorBanner hidden" id="error24797"></div>
                <div class="addToTrolleytabBox">   
                    <!--addToTrolleytabBox GRID VIEW --><!-- Start UserSubscribedOrNot.jspf --><!-- Start UserSubscribedOrNot.jsp --><!-- 
			If the user is not logged in, render this opening 
			DIV adding an addtional class to fix the border top which is removed 
			and replaced by the tabs
		-->
		<div class="addToTrolleytabContainer addItemBorderTop">
	<!-- End AddToSubscriptionList.jsp --><!-- End AddSubscriptionList.jspf --><!-- 
                    ATTENTION!!!
                    <div class="addToTrolleytabContainer">
                    This opening div is inside "../../ReusableObjects/UserSubscribedOrNot.jsp"
                    -->
                    <div class="pricingAndTrolleyOptions">
                    	
                                    <div class="priceTab priceTabContainer activeContainer addItem" id="addItem_24797">
                                       <div class="pricing">
                                           
	<p class="pricePerUnit">
    £1.50<abbr title="per">/</abbr><abbr title="unit"><span class="pricePerUnitUnit">unit</span></abbr>
</p>
 
    <p class="pricePerMeasure">£1.00<abbr title="per">/</abbr>100<abbr title="gram"><span class="pricePerMeasureMeasure">g</span></abbr>
    </p>

                                       </div>                                      

                                     
                                        <div class="addToTrolleyForm "> 
                                           <!-- BEGIN AddToTrolley.jsp -->

		<form class="addToTrolleyForm" name="OrderItemAddForm_24797" action="OrderItemAdd" method="post" id="OrderItemAddForm_24797">
		    <input type="hidden" name="storeId" value="10151"><input type="hidden" name="langId" value="44"><input type="hidden" name="catalogId" value="10241"><input type="hidden" name="errorViewName" value="CategoryDisplayView"><input type="hidden" name="SKU_ID" value="6853339"><input type="hidden" name="itemType" value=""><label class="access" for="quantity_24796">Quantity</label>
		        
					<input name="quantity" id="quantity_24796" type="text" size="3" value="1" class="quantity"><input type="hidden" name="catEntryId" value="24797"><input type="hidden" name="productId" value="24796"><input type="hidden" name="URL" value="http://www.sainsburys.co.uk/webapp/wcs/stores/servlet/CategoryDisplay?msg=&amp;langId=44&amp;storeId=10151&amp;krypto=vuAEiKPomv7LzzLk%2BVntwQI2vl4izu3clBqtkogv%2FZwrj4R8b2ZBCcL%2FQrlnn9saozDy8%2BJU2ynokAemMRBdS7GrI2CqTp6A3bMlXAkKGxVQCgRnSG1cBngQPy4ef65F8l4za2td9XxrYOb5hBqGAS13oXOAdUHexP8bwEcfb5g%3D&amp;ddkey=http%3Agb%2Fgroceries%2Ffood-cupboard%2Fsnacking-fruit-nuts"><input type="hidden" name="page" value=""><input type="hidden" name="contractId" value=""><input type="hidden" name="calculateOrder" value="1"><input type="hidden" name="calculationUsage" value="-1,-2,-3"><input type="hidden" name="updateable" value="1"><input type="hidden" name="merge" value="***"><input type="hidden" name="callAjax" value="false"><input class="button process" type="submit" name="Add" value="Add">
</form>
	<!-- END AddToTrolley.jsp -->
        <div class="numberInTrolley hidden numberInTrolley_24796" id="numberInTrolley_24796">
            
        </div>
    
                                        </div>

                                        <!-- BEGIN CatalogEntryRatingsReviewsInfo.jspf --><!-- productAllowedRatingsAndReviews: true -->
    <div class="reviews">
        
            <a class="numberOfReviews" href="http://www.sainsburys.co.uk/shop/gb/groceries/snacking-fruit-nuts/fruit-bowl-raisin-yogurt-flakes-5x30g#reviews">
                <img src="http://c2.sainsburys.co.uk/wcsstore7.20.1.145/SainsburysStorefrontAssetStore/img/stars/rating-2_7.gif" alt="2.6667" border="0">  
                Reviews (3)
            </a>
        
    </div>
<!-- END CatalogEntryRatingsReviewsInfo.jspf -->
                                   </div>
                               <!-- Start AddToSubscriptionList.jspf --><!-- Start AddToSubscriptionList.jsp --><!-- End AddToSubscriptionList.jsp --><!-- End AddToSubscriptionList.jspf -->     
                    </div>
                            
                    
                </div>     
            </div>
            <!--ThumbnailRestriction --><!-- END CatalogEntryThumbnailDisplay.jsp -->
	                            </div>
</li>
	                         

	                            <li class="gridItem" style="min-height: 449px;">
	                                <!-- BEGIN CatalogEntryThumbnailDisplay.jsp --><!-- BEGIN MerchandisingAssociationsDisplay.jsp --><!-- Start - JSP File Name:  MerchandisingAssociationsDisplay.jsp -->
    <div class="coverage ranged"></div>
<!-- END MerchandisingAssociationsDisplay.jsp -->
            <div class="product  highlighted specialOffer straplineRow">
                
                <div class="productInfo">
                    <div class="productNameAndPromotions">
                        
                                  <h3>
                                    <a href="http://www.sainsburys.co.uk/shop/gb/groceries/snacking-fruit-nuts/bear-yo-yos-blackcurrant-snacking-fruit-5x20g">
                                        Bear Yo Yo's Blackcurrant Snacking Fruit 5x20g
                                        <img src="http://c2.sainsburys.co.uk/wcsstore7.20.1.145/ExtendedSitesCatalogAssetStore/images/catalog/productImages/84/5060139431484/5060139431484_L.jpeg" alt=""></a>
                                </h3>
                              
    <div class="promotion">
                   
		            <p><a href="http://www.sainsburys.co.uk/shop/PromotionDisplayView?catalogId=10245&amp;langId=44&amp;productId=540340&amp;storeId=10151&amp;promotionId=10233449"><!-- BEGIN include/PromotionStrapline.jspf -->Only £2.00: Save 30p<br><!-- FINISH include/PromotionStrapline.jspf --></a></p>
		                        
    </div>

                    </div> 
                </div>
                
        <div class="strapline"><a href="http://www.sainsburys.co.uk/shop/PromotionDisplayView?catalogId=10245&amp;langId=44&amp;productId=540340&amp;storeId=10151&amp;promotionId=10233449"><img src="/wcsstore7.20.1.145/SainsburysStorefrontAssetStore/wcassets/icons/special/img-special-offer.png" alt="Special Offer"></a></div>
    
                <div class="errorBanner hidden" id="error540341"></div>
                <div class="addToTrolleytabBox">   
                    <!--addToTrolleytabBox GRID VIEW --><!-- Start UserSubscribedOrNot.jspf --><!-- Start UserSubscribedOrNot.jsp --><!-- 
			If the user is not logged in, render this opening 
			DIV adding an addtional class to fix the border top which is removed 
			and replaced by the tabs
		-->
		<div class="addToTrolleytabContainer addItemBorderTop">
	<!-- End AddToSubscriptionList.jsp --><!-- End AddSubscriptionList.jspf --><!-- 
                    ATTENTION!!!
                    <div class="addToTrolleytabContainer">
                    This opening div is inside "../../ReusableObjects/UserSubscribedOrNot.jsp"
                    -->
                    <div class="pricingAndTrolleyOptions">
                    	
                                    <div class="priceTab priceTabContainer activeContainer addItem" id="addItem_540341">
                                       <div class="pricing">
                                           
	<p class="pricePerUnit">
    £2.00<abbr title="per">/</abbr><abbr title="unit"><span class="pricePerUnitUnit">unit</span></abbr>
</p>
 
    <p class="pricePerMeasure">£2.00<abbr title="per">/</abbr>100<abbr title="gram"><span class="pricePerMeasureMeasure">g</span></abbr>
    </p>

                                       </div>                                      

                                     
                                        <div class="addToTrolleyForm "> 
                                           <!-- BEGIN AddToTrolley.jsp -->

		<form class="addToTrolleyForm" name="OrderItemAddForm_540341" action="OrderItemAdd" method="post" id="OrderItemAddForm_540341">
		    <input type="hidden" name="storeId" value="10151"><input type="hidden" name="langId" value="44"><input type="hidden" name="catalogId" value="10241"><input type="hidden" name="errorViewName" value="CategoryDisplayView"><input type="hidden" name="SKU_ID" value="7671071"><input type="hidden" name="itemType" value=""><label class="access" for="quantity_540340">Quantity</label>
		        
					<input name="quantity" id="quantity_540340" type="text" size="3" value="1" class="quantity"><input type="hidden" name="catEntryId" value="540341"><input type="hidden" name="productId" value="540340"><input type="hidden" name="URL" value="http://www.sainsburys.co.uk/webapp/wcs/stores/servlet/CategoryDisplay?msg=&amp;langId=44&amp;storeId=10151&amp;krypto=vuAEiKPomv7LzzLk%2BVntwQI2vl4izu3clBqtkogv%2FZwrj4R8b2ZBCcL%2FQrlnn9saozDy8%2BJU2ynokAemMRBdS7GrI2CqTp6A3bMlXAkKGxVQCgRnSG1cBngQPy4ef65F8l4za2td9XxrYOb5hBqGAS13oXOAdUHexP8bwEcfb5g%3D&amp;ddkey=http%3Agb%2Fgroceries%2Ffood-cupboard%2Fsnacking-fruit-nuts"><input type="hidden" name="page" value=""><input type="hidden" name="contractId" value=""><input type="hidden" name="calculateOrder" value="1"><input type="hidden" name="calculationUsage" value="-1,-2,-3"><input type="hidden" name="updateable" value="1"><input type="hidden" name="merge" value="***"><input type="hidden" name="callAjax" value="false"><input class="button process" type="submit" name="Add" value="Add">
</form>
	<!-- END AddToTrolley.jsp -->
        <div class="numberInTrolley hidden numberInTrolley_540340" id="numberInTrolley_540340">
            
        </div>
    
                                        </div>

                                        <!-- BEGIN CatalogEntryRatingsReviewsInfo.jspf --><!-- productAllowedRatingsAndReviews: true -->
    <div class="reviews">
        
            <a class="numberOfReviews" href="http://www.sainsburys.co.uk/shop/gb/groceries/snacking-fruit-nuts/bear-yo-yos-blackcurrant-snacking-fruit-5x20g#reviews">
                <img src="http://c2.sainsburys.co.uk/wcsstore7.20.1.145/SainsburysStorefrontAssetStore/img/stars/rating-5_0.gif" alt="5.0" border="0">  
                Reviews (1)
            </a>
        
    </div>
<!-- END CatalogEntryRatingsReviewsInfo.jspf -->
                                   </div>
                               <!-- Start AddToSubscriptionList.jspf --><!-- Start AddToSubscriptionList.jsp --><!-- End AddToSubscriptionList.jsp --><!-- End AddToSubscriptionList.jspf -->     
                    </div>
                            
                    
                </div>     
            </div>
            <!--ThumbnailRestriction --><!-- END CatalogEntryThumbnailDisplay.jsp -->
	                            </div>
</li>
	                         

	                            <li class="gridItem" style="min-height: 450px;">
	                                <!-- BEGIN CatalogEntryThumbnailDisplay.jsp --><!-- BEGIN MerchandisingAssociationsDisplay.jsp --><!-- Start - JSP File Name:  MerchandisingAssociationsDisplay.jsp --><!-- END MerchandisingAssociationsDisplay.jsp -->
            <div class="product  highlighted specialOffer straplineRow">
                
                <div class="productInfo">
                    <div class="productNameAndPromotions">
                        
                                  <h3>
                                    <a href="http://www.sainsburys.co.uk/shop/gb/groceries/snacking-fruit-nuts/bear-yo-yos-raspberry-snacking-fruit-5x20g">
                                        Bear Yo Yo's Raspberry Snacking Fruit 5x20g
                                        <img src="http://c2.sainsburys.co.uk/wcsstore7.20.1.145/ExtendedSitesCatalogAssetStore/images/catalog/productImages/47/5060139430647/5060139430647_L.jpeg" alt=""></a>
                                </h3>
                              
    <div class="promotion">
                   
		            <p><a href="http://www.sainsburys.co.uk/shop/PromotionDisplayView?catalogId=10245&amp;langId=44&amp;productId=30714&amp;storeId=10151&amp;promotionId=10233449"><!-- BEGIN include/PromotionStrapline.jspf -->Only £2.00: Save 30p<br><!-- FINISH include/PromotionStrapline.jspf --></a></p>
		                        
    </div>

                    </div> 
                </div>
                
        <div class="strapline"><a href="http://www.sainsburys.co.uk/shop/PromotionDisplayView?catalogId=10245&amp;langId=44&amp;productId=30714&amp;storeId=10151&amp;promotionId=10233449"><img src="/wcsstore7.20.1.145/SainsburysStorefrontAssetStore/wcassets/icons/special/img-special-offer.png" alt="Special Offer"></a></div>
    
                <div class="errorBanner hidden" id="error30715"></div>
                <div class="addToTrolleytabBox">   
                    <!--addToTrolleytabBox GRID VIEW --><!-- Start UserSubscribedOrNot.jspf --><!-- Start UserSubscribedOrNot.jsp --><!-- 
			If the user is not logged in, render this opening 
			DIV adding an addtional class to fix the border top which is removed 
			and replaced by the tabs
		-->
		<div class="addToTrolleytabContainer addItemBorderTop">
	<!-- End AddToSubscriptionList.jsp --><!-- End AddSubscriptionList.jspf --><!-- 
                    ATTENTION!!!
                    <div class="addToTrolleytabContainer">
                    This opening div is inside "../../ReusableObjects/UserSubscribedOrNot.jsp"
                    -->
                    <div class="pricingAndTrolleyOptions">
                    	
                                    <div class="priceTab priceTabContainer activeContainer addItem" id="addItem_30715">
                                       <div class="pricing">
                                           
	<p class="pricePerUnit">
    £2.00<abbr title="per">/</abbr><abbr title="unit"><span class="pricePerUnitUnit">unit</span></abbr>
</p>
 
    <p class="pricePerMeasure">£2.00<abbr title="per">/</abbr>100<abbr title="gram"><span class="pricePerMeasureMeasure">g</span></abbr>
    </p>

                                       </div>                                      

                                     
                                        <div class="addToTrolleyForm "> 
                                           <!-- BEGIN AddToTrolley.jsp -->

		<form class="addToTrolleyForm" name="OrderItemAddForm_30715" action="OrderItemAdd" method="post" id="OrderItemAddForm_30715">
		    <input type="hidden" name="storeId" value="10151"><input type="hidden" name="langId" value="44"><input type="hidden" name="catalogId" value="10241"><input type="hidden" name="errorViewName" value="CategoryDisplayView"><input type="hidden" name="SKU_ID" value="7502331"><input type="hidden" name="itemType" value=""><label class="access" for="quantity_30714">Quantity</label>
		        
					<input name="quantity" id="quantity_30714" type="text" size="3" value="1" class="quantity"><input type="hidden" name="catEntryId" value="30715"><input type="hidden" name="productId" value="30714"><input type="hidden" name="URL" value="http://www.sainsburys.co.uk/webapp/wcs/stores/servlet/CategoryDisplay?msg=&amp;langId=44&amp;storeId=10151&amp;krypto=vuAEiKPomv7LzzLk%2BVntwQI2vl4izu3clBqtkogv%2FZwrj4R8b2ZBCcL%2FQrlnn9saozDy8%2BJU2ynokAemMRBdS7GrI2CqTp6A3bMlXAkKGxVQCgRnSG1cBngQPy4ef65F8l4za2td9XxrYOb5hBqGAS13oXOAdUHexP8bwEcfb5g%3D&amp;ddkey=http%3Agb%2Fgroceries%2Ffood-cupboard%2Fsnacking-fruit-nuts"><input type="hidden" name="page" value=""><input type="hidden" name="contractId" value=""><input type="hidden" name="calculateOrder" value="1"><input type="hidden" name="calculationUsage" value="-1,-2,-3"><input type="hidden" name="updateable" value="1"><input type="hidden" name="merge" value="***"><input type="hidden" name="callAjax" value="false"><input class="button process" type="submit" name="Add" value="Add">
</form>
	<!-- END AddToTrolley.jsp -->
        <div class="numberInTrolley hidden numberInTrolley_30714" id="numberInTrolley_30714">
            
        </div>
    
                                        </div>

                                        <!-- BEGIN CatalogEntryRatingsReviewsInfo.jspf --><!-- productAllowedRatingsAndReviews: true -->
    <div class="reviews">
        
            <a class="numberOfReviews" href="http://www.sainsburys.co.uk/shop/gb/groceries/snacking-fruit-nuts/bear-yo-yos-raspberry-snacking-fruit-5x20g#reviews">
                <img src="http://c2.sainsburys.co.uk/wcsstore7.20.1.145/SainsburysStorefrontAssetStore/img/stars/rating-4_0.gif" alt="4.0" border="0">  
                Reviews (1)
            </a>
        
    </div>
<!-- END CatalogEntryRatingsReviewsInfo.jspf -->
                                   </div>
                               <!-- Start AddToSubscriptionList.jspf --><!-- Start AddToSubscriptionList.jsp --><!-- End AddToSubscriptionList.jsp --><!-- End AddToSubscriptionList.jspf -->     
                    </div>
                            
                    
                </div>     
            </div>
            <!--ThumbnailRestriction --><!-- END CatalogEntryThumbnailDisplay.jsp -->
	                            </div>
</li>
	                         

	                            <li class="gridItem" style="min-height: 450px;">
	                                <!-- BEGIN CatalogEntryThumbnailDisplay.jsp --><!-- BEGIN MerchandisingAssociationsDisplay.jsp --><!-- Start - JSP File Name:  MerchandisingAssociationsDisplay.jsp --><!-- END MerchandisingAssociationsDisplay.jsp -->
            <div class="product  highlighted specialOffer straplineRow">
                
                <div class="productInfo">
                    <div class="productNameAndPromotions">
                        
                                  <h3>
                                    <a href="http://www.sainsburys.co.uk/shop/gb/groceries/snacking-fruit-nuts/the-fruit-factory-fruit-strings-x5-100g">
                                        The Fruit Factory Strawberry, Apple &amp; Orange Fruit Strings 5x20g
                                        <img src="http://c2.sainsburys.co.uk/wcsstore7.20.1.145/ExtendedSitesCatalogAssetStore/images/catalog/productImages/36/5060036011536/5060036011536_L.jpeg" alt=""></a>
                                </h3>
                              
    <div class="promotion">
                   
		            <p><a href="http://www.sainsburys.co.uk/shop/PromotionDisplayView?catalogId=10245&amp;langId=44&amp;productId=27382&amp;storeId=10151&amp;promotionId=10233414"><!-- BEGIN include/PromotionStrapline.jspf -->Only £1.50: Save 50p<br><!-- FINISH include/PromotionStrapline.jspf --></a></p>
		                        
    </div>

                    </div> 
                </div>
                
        <div class="strapline"><a href="http://www.sainsburys.co.uk/shop/PromotionDisplayView?catalogId=10245&amp;langId=44&amp;productId=27382&amp;storeId=10151&amp;promotionId=10233414"><img src="/wcsstore7.20.1.145/SainsburysStorefrontAssetStore/wcassets/icons/special/img-special-offer.png" alt="Special Offer"></a></div>
    
                <div class="errorBanner hidden" id="error27383"></div>
                <div class="addToTrolleytabBox">   
                    <!--addToTrolleytabBox GRID VIEW --><!-- Start UserSubscribedOrNot.jspf --><!-- Start UserSubscribedOrNot.jsp --><!-- 
			If the user is not logged in, render this opening 
			DIV adding an addtional class to fix the border top which is removed 
			and replaced by the tabs
		-->
		<div class="addToTrolleytabContainer addItemBorderTop">
	<!-- End AddToSubscriptionList.jsp --><!-- End AddSubscriptionList.jspf --><!-- 
                    ATTENTION!!!
                    <div class="addToTrolleytabContainer">
                    This opening div is inside "../../ReusableObjects/UserSubscribedOrNot.jsp"
                    -->
                    <div class="pricingAndTrolleyOptions">
                    	
                                    <div class="priceTab priceTabContainer activeContainer addItem" id="addItem_27383">
                                       <div class="pricing">
                                           
	<p class="pricePerUnit">
    £1.50<abbr title="per">/</abbr><abbr title="unit"><span class="pricePerUnitUnit">unit</span></abbr>
</p>
 
    <p class="pricePerMeasure">£1.50<abbr title="per">/</abbr>100<abbr title="gram"><span class="pricePerMeasureMeasure">g</span></abbr>
    </p>

                                       </div>                                      

                                     
                                        <div class="addToTrolleyForm "> 
                                           <!-- BEGIN AddToTrolley.jsp -->

		<form class="addToTrolleyForm" name="OrderItemAddForm_27383" action="OrderItemAdd" method="post" id="OrderItemAddForm_27383">
		    <input type="hidden" name="storeId" value="10151"><input type="hidden" name="langId" value="44"><input type="hidden" name="catalogId" value="10241"><input type="hidden" name="errorViewName" value="CategoryDisplayView"><input type="hidden" name="SKU_ID" value="7224576"><input type="hidden" name="itemType" value=""><label class="access" for="quantity_27382">Quantity</label>
		        
					<input name="quantity" id="quantity_27382" type="text" size="3" value="1" class="quantity"><input type="hidden" name="catEntryId" value="27383"><input type="hidden" name="productId" value="27382"><input type="hidden" name="URL" value="http://www.sainsburys.co.uk/webapp/wcs/stores/servlet/CategoryDisplay?msg=&amp;langId=44&amp;storeId=10151&amp;krypto=vuAEiKPomv7LzzLk%2BVntwQI2vl4izu3clBqtkogv%2FZwrj4R8b2ZBCcL%2FQrlnn9saozDy8%2BJU2ynokAemMRBdS7GrI2CqTp6A3bMlXAkKGxVQCgRnSG1cBngQPy4ef65F8l4za2td9XxrYOb5hBqGAS13oXOAdUHexP8bwEcfb5g%3D&amp;ddkey=http%3Agb%2Fgroceries%2Ffood-cupboard%2Fsnacking-fruit-nuts"><input type="hidden" name="page" value=""><input type="hidden" name="contractId" value=""><input type="hidden" name="calculateOrder" value="1"><input type="hidden" name="calculationUsage" value="-1,-2,-3"><input type="hidden" name="updateable" value="1"><input type="hidden" name="merge" value="***"><input type="hidden" name="callAjax" value="false"><input class="button process" type="submit" name="Add" value="Add">
</form>
	<!-- END AddToTrolley.jsp -->
        <div class="numberInTrolley hidden numberInTrolley_27382" id="numberInTrolley_27382">
            
        </div>
    
                                        </div>

                                        <!-- BEGIN CatalogEntryRatingsReviewsInfo.jspf --><!-- productAllowedRatingsAndReviews: true -->
    <div class="reviews">
        
	        <a class="numberOfReviews repressive" href="http://reviews.sainsburys.co.uk//8076-en_gb/7224576-P/writereview.htm?submissionurl=http%3A%2F%2Fwww.sainsburys.co.uk%2Fwebapp%2Fwcs%2Fstores%2Fservlet%2FBVReviewSubmitDisplay%3FcatalogId%3D10245%26storeId%3D10151%26recipe%3D%26langId%3D44%26productId%3D7224576-P&amp;return=http%3A%2F%2Fwww.sainsburys.co.uk%2Fwebapp%2Fwcs%2Fstores%2Fservlet%2FCategoryDisplay%3FpageSize%3D100">
	    Write a review
          	</a>
        
    </div>
<!-- END CatalogEntryRatingsReviewsInfo.jspf -->
                                   </div>
                               <!-- Start AddToSubscriptionList.jspf --><!-- Start AddToSubscriptionList.jsp --><!-- End AddToSubscriptionList.jsp --><!-- End AddToSubscriptionList.jspf -->     
                    </div>
                            
                    
                </div>     
            </div>
            <!--ThumbnailRestriction --><!-- END CatalogEntryThumbnailDisplay.jsp -->
	                            </div>
</li>
	                         

	                            <li class="gridItem" style="min-height: 450px;">
	                                <!-- BEGIN CatalogEntryThumbnailDisplay.jsp --><!-- BEGIN MerchandisingAssociationsDisplay.jsp --><!-- Start - JSP File Name:  MerchandisingAssociationsDisplay.jsp --><!-- END MerchandisingAssociationsDisplay.jsp -->
            <div class="product  straplineRow">
                
                <div class="productInfo">
                    <div class="productNameAndPromotions">
                        
                                  <h3>
                                    <a href="http://www.sainsburys.co.uk/shop/gb/groceries/snacking-fruit-nuts/fruit-bowl-school-bars--strawberry-100g">
                                        Fruit Bowl Strawberry School Bars 100g
                                        <img src="http://c2.sainsburys.co.uk/wcsstore7.20.1.145/ExtendedSitesCatalogAssetStore/images/catalog/productImages/48/5060011810048/5060011810048_L.jpeg" alt=""></a>
                                </h3>
                              
                    </div> 
                </div>
                
                <div class="errorBanner hidden" id="error18957"></div>
                <div class="addToTrolleytabBox">   
                    <!--addToTrolleytabBox GRID VIEW --><!-- Start UserSubscribedOrNot.jspf --><!-- Start UserSubscribedOrNot.jsp --><!-- 
			If the user is not logged in, render this opening 
			DIV adding an addtional class to fix the border top which is removed 
			and replaced by the tabs
		-->
		<div class="addToTrolleytabContainer addItemBorderTop">
	<!-- End AddToSubscriptionList.jsp --><!-- End AddSubscriptionList.jspf --><!-- 
                    ATTENTION!!!
                    <div class="addToTrolleytabContainer">
                    This opening div is inside "../../ReusableObjects/UserSubscribedOrNot.jsp"
                    -->
                    <div class="pricingAndTrolleyOptions">
                    	
                                    <div class="priceTab priceTabContainer activeContainer addItem" id="addItem_18957">
                                       <div class="pricing">
                                           
	<p class="pricePerUnit">
    £2.00<abbr title="per">/</abbr><abbr title="unit"><span class="pricePerUnitUnit">unit</span></abbr>
</p>
 
    <p class="pricePerMeasure">£2.00<abbr title="per">/</abbr>100<abbr title="gram"><span class="pricePerMeasureMeasure">g</span></abbr>
    </p>

                                       </div>                                      

                                     
                                        <div class="addToTrolleyForm "> 
                                           <!-- BEGIN AddToTrolley.jsp -->

		<form class="addToTrolleyForm" name="OrderItemAddForm_18957" action="OrderItemAdd" method="post" id="OrderItemAddForm_18957">
		    <input type="hidden" name="storeId" value="10151"><input type="hidden" name="langId" value="44"><input type="hidden" name="catalogId" value="10241"><input type="hidden" name="errorViewName" value="CategoryDisplayView"><input type="hidden" name="SKU_ID" value="3675816"><input type="hidden" name="itemType" value=""><label class="access" for="quantity_18956">Quantity</label>
		        
					<input name="quantity" id="quantity_18956" type="text" size="3" value="1" class="quantity"><input type="hidden" name="catEntryId" value="18957"><input type="hidden" name="productId" value="18956"><input type="hidden" name="URL" value="http://www.sainsburys.co.uk/webapp/wcs/stores/servlet/CategoryDisplay?msg=&amp;langId=44&amp;storeId=10151&amp;krypto=vuAEiKPomv7LzzLk%2BVntwQI2vl4izu3clBqtkogv%2FZwrj4R8b2ZBCcL%2FQrlnn9saozDy8%2BJU2ynokAemMRBdS7GrI2CqTp6A3bMlXAkKGxVQCgRnSG1cBngQPy4ef65F8l4za2td9XxrYOb5hBqGAS13oXOAdUHexP8bwEcfb5g%3D&amp;ddkey=http%3Agb%2Fgroceries%2Ffood-cupboard%2Fsnacking-fruit-nuts"><input type="hidden" name="page" value=""><input type="hidden" name="contractId" value=""><input type="hidden" name="calculateOrder" value="1"><input type="hidden" name="calculationUsage" value="-1,-2,-3"><input type="hidden" name="updateable" value="1"><input type="hidden" name="merge" value="***"><input type="hidden" name="callAjax" value="false"><input class="button process" type="submit" name="Add" value="Add">
</form>
	<!-- END AddToTrolley.jsp -->
        <div class="numberInTrolley hidden numberInTrolley_18956" id="numberInTrolley_18956">
            
        </div>
    
                                        </div>

                                        <!-- BEGIN CatalogEntryRatingsReviewsInfo.jspf --><!-- productAllowedRatingsAndReviews: true -->
    <div class="reviews">
        
            <a class="numberOfReviews" href="http://www.sainsburys.co.uk/shop/gb/groceries/snacking-fruit-nuts/fruit-bowl-school-bars--strawberry-100g#reviews">
                <img src="http://c2.sainsburys.co.uk/wcsstore7.20.1.145/SainsburysStorefrontAssetStore/img/stars/rating-3_0.gif" alt="3.0" border="0">  
                Reviews (2)
            </a>
        
    </div>
<!-- END CatalogEntryRatingsReviewsInfo.jspf -->
                                   </div>
                               <!-- Start AddToSubscriptionList.jspf --><!-- Start AddToSubscriptionList.jsp --><!-- End AddToSubscriptionList.jsp --><!-- End AddToSubscriptionList.jspf -->     
                    </div>
                            
                    
                </div>     
            </div>
            <!--ThumbnailRestriction --><!-- END CatalogEntryThumbnailDisplay.jsp -->
	                            </div>
</li>
	                         

	                            <li class="gridItem" style="min-height: 406px;">
	                                <!-- BEGIN CatalogEntryThumbnailDisplay.jsp --><!-- BEGIN MerchandisingAssociationsDisplay.jsp --><!-- Start - JSP File Name:  MerchandisingAssociationsDisplay.jsp --><!-- END MerchandisingAssociationsDisplay.jsp -->
            <div class="product ">
                
                <div class="productInfo">
                    <div class="productNameAndPromotions">
                        
                                  <h3>
                                    <a href="http://www.sainsburys.co.uk/shop/gb/groceries/snacking-fruit-nuts/ellas-kitchen-smoothie-fruit--the-red-one-450g">
                                        Ella's Kitchen Squished Fruits Smoothie, The Red One 6 Month+ 5x90g
                                        <img src="http://c2.sainsburys.co.uk/wcsstore7.20.1.145/ExtendedSitesCatalogAssetStore/images/catalog/productImages/09/5060107330009/5060107330009_L.jpeg" alt=""></a>
                                </h3>
                              
                    </div> 
                </div>
                
                <div class="errorBanner hidden" id="error21143"></div>
                <div class="addToTrolleytabBox">   
                    <!--addToTrolleytabBox GRID VIEW --><!-- Start UserSubscribedOrNot.jspf --><!-- Start UserSubscribedOrNot.jsp --><!-- 
			If the user is not logged in, render this opening 
			DIV adding an addtional class to fix the border top which is removed 
			and replaced by the tabs
		-->
		<div class="addToTrolleytabContainer addItemBorderTop">
	<!-- End AddToSubscriptionList.jsp --><!-- End AddSubscriptionList.jspf --><!-- 
                    ATTENTION!!!
                    <div class="addToTrolleytabContainer">
                    This opening div is inside "../../ReusableObjects/UserSubscribedOrNot.jsp"
                    -->
                    <div class="pricingAndTrolleyOptions">
                    	
                                    <div class="priceTab priceTabContainer activeContainer addItem" id="addItem_21143">
                                       <div class="pricing">
                                           
	<p class="pricePerUnit">
    £3.50<abbr title="per">/</abbr><abbr title="unit"><span class="pricePerUnitUnit">unit</span></abbr>
</p>
 
    <p class="pricePerMeasure">£0.78<abbr title="per">/</abbr>100<abbr title="gram"><span class="pricePerMeasureMeasure">g</span></abbr>
    </p>

                                       </div>                                      

                                     
                                        <div class="addToTrolleyForm "> 
                                           <!-- BEGIN AddToTrolley.jsp -->

		<form class="addToTrolleyForm" name="OrderItemAddForm_21143" action="OrderItemAdd" method="post" id="OrderItemAddForm_21143">
		    <input type="hidden" name="storeId" value="10151"><input type="hidden" name="langId" value="44"><input type="hidden" name="catalogId" value="10241"><input type="hidden" name="errorViewName" value="CategoryDisplayView"><input type="hidden" name="SKU_ID" value="6361160"><input type="hidden" name="itemType" value=""><label class="access" for="quantity_21142">Quantity</label>
		        
					<input name="quantity" id="quantity_21142" type="text" size="3" value="1" class="quantity"><input type="hidden" name="catEntryId" value="21143"><input type="hidden" name="productId" value="21142"><input type="hidden" name="URL" value="http://www.sainsburys.co.uk/webapp/wcs/stores/servlet/CategoryDisplay?msg=&amp;langId=44&amp;storeId=10151&amp;krypto=vuAEiKPomv7LzzLk%2BVntwQI2vl4izu3clBqtkogv%2FZwrj4R8b2ZBCcL%2FQrlnn9saozDy8%2BJU2ynokAemMRBdS7GrI2CqTp6A3bMlXAkKGxVQCgRnSG1cBngQPy4ef65F8l4za2td9XxrYOb5hBqGAS13oXOAdUHexP8bwEcfb5g%3D&amp;ddkey=http%3Agb%2Fgroceries%2Ffood-cupboard%2Fsnacking-fruit-nuts"><input type="hidden" name="page" value=""><input type="hidden" name="contractId" value=""><input type="hidden" name="calculateOrder" value="1"><input type="hidden" name="calculationUsage" value="-1,-2,-3"><input type="hidden" name="updateable" value="1"><input type="hidden" name="merge" value="***"><input type="hidden" name="callAjax" value="false"><input class="button process" type="submit" name="Add" value="Add">
</form>
	<!-- END AddToTrolley.jsp -->
        <div class="numberInTrolley hidden numberInTrolley_21142" id="numberInTrolley_21142">
            
        </div>
    
                                        </div>

                                        <!-- BEGIN CatalogEntryRatingsReviewsInfo.jspf --><!-- productAllowedRatingsAndReviews: true -->
    <div class="reviews">
        
            <a class="numberOfReviews" href="http://www.sainsburys.co.uk/shop/gb/groceries/snacking-fruit-nuts/ellas-kitchen-smoothie-fruit--the-red-one-450g#reviews">
                <img src="http://c2.sainsburys.co.uk/wcsstore7.20.1.145/SainsburysStorefrontAssetStore/img/stars/rating-5_0.gif" alt="5.0" border="0">  
                Reviews (2)
            </a>
        
    </div>
<!-- END CatalogEntryRatingsReviewsInfo.jspf -->
                                   </div>
                               <!-- Start AddToSubscriptionList.jspf --><!-- Start AddToSubscriptionList.jsp --><!-- End AddToSubscriptionList.jsp --><!-- End AddToSubscriptionList.jspf -->     
                    </div>
                            
                    
                </div>     
            </div>
            <!--ThumbnailRestriction --><!-- END CatalogEntryThumbnailDisplay.jsp -->
	                            </div>
</li>
	                         

	                            <li class="gridItem" style="min-height: 406px;">
	                                <!-- BEGIN CatalogEntryThumbnailDisplay.jsp --><!-- BEGIN MerchandisingAssociationsDisplay.jsp --><!-- Start - JSP File Name:  MerchandisingAssociationsDisplay.jsp --><!-- END MerchandisingAssociationsDisplay.jsp -->
            <div class="product ">
                
                <div class="productInfo">
                    <div class="productNameAndPromotions">
                        
                                  <h3>
                                    <a href="http://www.sainsburys.co.uk/shop/gb/groceries/snacking-fruit-nuts/sainsburys-dried-apricots--ready-to-eat-500g">
                                        Sainsbury's Dried Apricots 500g
                                        <img src="http://c2.sainsburys.co.uk/wcsstore7.20.1.145/ExtendedSitesCatalogAssetStore/images/catalog/productImages/16/0000001031416/0000001031416_L.jpeg" alt=""></a>
                                </h3>
                              
                    </div> 
                </div>
                
                <div class="errorBanner hidden" id="error17045"></div>
                <div class="addToTrolleytabBox">   
                    <!--addToTrolleytabBox GRID VIEW --><!-- Start UserSubscribedOrNot.jspf --><!-- Start UserSubscribedOrNot.jsp --><!-- 
			If the user is not logged in, render this opening 
			DIV adding an addtional class to fix the border top which is removed 
			and replaced by the tabs
		-->
		<div class="addToTrolleytabContainer addItemBorderTop">
	<!-- End AddToSubscriptionList.jsp --><!-- End AddSubscriptionList.jspf --><!-- 
                    ATTENTION!!!
                    <div class="addToTrolleytabContainer">
                    This opening div is inside "../../ReusableObjects/UserSubscribedOrNot.jsp"
                    -->
                    <div class="pricingAndTrolleyOptions">
                    	
                                    <div class="priceTab priceTabContainer activeContainer addItem" id="addItem_17045">
                                       <div class="pricing">
                                           
	<p class="pricePerUnit">
    £3.50<abbr title="per">/</abbr><abbr title="unit"><span class="pricePerUnitUnit">unit</span></abbr>
</p>
 
    <p class="pricePerMeasure">£0.70<abbr title="per">/</abbr>100<abbr title="gram"><span class="pricePerMeasureMeasure">g</span></abbr>
    </p>

                                       </div>                                      

                                     
                                        <div class="addToTrolleyForm "> 
                                           <!-- BEGIN AddToTrolley.jsp -->

		<form class="addToTrolleyForm" name="OrderItemAddForm_17045" action="OrderItemAdd" method="post" id="OrderItemAddForm_17045">
		    <input type="hidden" name="storeId" value="10151"><input type="hidden" name="langId" value="44"><input type="hidden" name="catalogId" value="10241"><input type="hidden" name="errorViewName" value="CategoryDisplayView"><input type="hidden" name="SKU_ID" value="1031416"><input type="hidden" name="itemType" value=""><label class="access" for="quantity_17044">Quantity</label>
		        
					<input name="quantity" id="quantity_17044" type="text" size="3" value="1" class="quantity"><input type="hidden" name="catEntryId" value="17045"><input type="hidden" name="productId" value="17044"><input type="hidden" name="URL" value="http://www.sainsburys.co.uk/webapp/wcs/stores/servlet/CategoryDisplay?msg=&amp;langId=44&amp;storeId=10151&amp;krypto=vuAEiKPomv7LzzLk%2BVntwQI2vl4izu3clBqtkogv%2FZwrj4R8b2ZBCcL%2FQrlnn9saozDy8%2BJU2ynokAemMRBdS7GrI2CqTp6A3bMlXAkKGxVQCgRnSG1cBngQPy4ef65F8l4za2td9XxrYOb5hBqGAS13oXOAdUHexP8bwEcfb5g%3D&amp;ddkey=http%3Agb%2Fgroceries%2Ffood-cupboard%2Fsnacking-fruit-nuts"><input type="hidden" name="page" value=""><input type="hidden" name="contractId" value=""><input type="hidden" name="calculateOrder" value="1"><input type="hidden" name="calculationUsage" value="-1,-2,-3"><input type="hidden" name="updateable" value="1"><input type="hidden" name="merge" value="***"><input type="hidden" name="callAjax" value="false"><input class="button process" type="submit" name="Add" value="Add">
</form>
	<!-- END AddToTrolley.jsp -->
        <div class="numberInTrolley hidden numberInTrolley_17044" id="numberInTrolley_17044">
            
        </div>
    
                                        </div>

                                        <!-- BEGIN CatalogEntryRatingsReviewsInfo.jspf --><!-- productAllowedRatingsAndReviews: true -->
    <div class="reviews">
        
            <a class="numberOfReviews" href="http://www.sainsburys.co.uk/shop/gb/groceries/snacking-fruit-nuts/sainsburys-dried-apricots--ready-to-eat-500g#reviews">
                <img src="http://c2.sainsburys.co.uk/wcsstore7.20.1.145/SainsburysStorefrontAssetStore/img/stars/rating-4_6.gif" alt="4.6" border="0">  
                Reviews (5)
            </a>
        
    </div>
<!-- END CatalogEntryRatingsReviewsInfo.jspf -->
                                   </div>
                               <!-- Start AddToSubscriptionList.jspf --><!-- Start AddToSubscriptionList.jsp --><!-- End AddToSubscriptionList.jsp --><!-- End AddToSubscriptionList.jspf -->     
                    </div>
                            
                    
                </div>     
            </div>
            <!--ThumbnailRestriction --><!-- END CatalogEntryThumbnailDisplay.jsp -->
	                            </div>
</li>
	                         

	                            <li class="gridItem" style="min-height: 406px;">
	                                <!-- BEGIN CatalogEntryThumbnailDisplay.jsp --><!-- BEGIN MerchandisingAssociationsDisplay.jsp --><!-- Start - JSP File Name:  MerchandisingAssociationsDisplay.jsp -->
    <div class="coverage ranged"></div>
<!-- END MerchandisingAssociationsDisplay.jsp -->
            <div class="product ">
                
                <div class="productInfo">
                    <div class="productNameAndPromotions">
                        
                                  <h3>
                                    <a href="http://www.sainsburys.co.uk/shop/gb/groceries/snacking-fruit-nuts/bear-yoyos-pure-fruit-rolls-strawberry-9x20g">
                                        Bear Yo Yo's Strawberry Snacking Fruit 9x20g
                                        <img src="http://c2.sainsburys.co.uk/wcsstore7.20.1.145/ExtendedSitesCatalogAssetStore/images/catalog/productImages/45/5060139431545/5060139431545_L.jpeg" alt=""></a>
                                </h3>
                              
                    </div> 
                </div>
                
                <div class="errorBanner hidden" id="error540339"></div>
                <div class="addToTrolleytabBox">   
                    <!--addToTrolleytabBox GRID VIEW --><!-- Start UserSubscribedOrNot.jspf --><!-- Start UserSubscribedOrNot.jsp --><!-- 
			If the user is not logged in, render this opening 
			DIV adding an addtional class to fix the border top which is removed 
			and replaced by the tabs
		-->
		<div class="addToTrolleytabContainer addItemBorderTop">
	<!-- End AddToSubscriptionList.jsp --><!-- End AddSubscriptionList.jspf --><!-- 
                    ATTENTION!!!
                    <div class="addToTrolleytabContainer">
                    This opening div is inside "../../ReusableObjects/UserSubscribedOrNot.jsp"
                    -->
                    <div class="pricingAndTrolleyOptions">
                    	
                                    <div class="priceTab priceTabContainer activeContainer addItem" id="addItem_540339">
                                       <div class="pricing">
                                           
	<p class="pricePerUnit">
    £3.80<abbr title="per">/</abbr><abbr title="unit"><span class="pricePerUnitUnit">unit</span></abbr>
</p>
 
    <p class="pricePerMeasure">£2.11<abbr title="per">/</abbr>100<abbr title="gram"><span class="pricePerMeasureMeasure">g</span></abbr>
    </p>

                                       </div>                                      

                                     
                                        <div class="addToTrolleyForm "> 
                                           <!-- BEGIN AddToTrolley.jsp -->

		<form class="addToTrolleyForm" name="OrderItemAddForm_540339" action="OrderItemAdd" method="post" id="OrderItemAddForm_540339">
		    <input type="hidden" name="storeId" value="10151"><input type="hidden" name="langId" value="44"><input type="hidden" name="catalogId" value="10241"><input type="hidden" name="errorViewName" value="CategoryDisplayView"><input type="hidden" name="SKU_ID" value="7671067"><input type="hidden" name="itemType" value=""><label class="access" for="quantity_540338">Quantity</label>
		        
					<input name="quantity" id="quantity_540338" type="text" size="3" value="1" class="quantity"><input type="hidden" name="catEntryId" value="540339"><input type="hidden" name="productId" value="540338"><input type="hidden" name="URL" value="http://www.sainsburys.co.uk/webapp/wcs/stores/servlet/CategoryDisplay?msg=&amp;langId=44&amp;storeId=10151&amp;krypto=vuAEiKPomv7LzzLk%2BVntwQI2vl4izu3clBqtkogv%2FZwrj4R8b2ZBCcL%2FQrlnn9saozDy8%2BJU2ynokAemMRBdS7GrI2CqTp6A3bMlXAkKGxVQCgRnSG1cBngQPy4ef65F8l4za2td9XxrYOb5hBqGAS13oXOAdUHexP8bwEcfb5g%3D&amp;ddkey=http%3Agb%2Fgroceries%2Ffood-cupboard%2Fsnacking-fruit-nuts"><input type="hidden" name="page" value=""><input type="hidden" name="contractId" value=""><input type="hidden" name="calculateOrder" value="1"><input type="hidden" name="calculationUsage" value="-1,-2,-3"><input type="hidden" name="updateable" value="1"><input type="hidden" name="merge" value="***"><input type="hidden" name="callAjax" value="false"><input class="button process" type="submit" name="Add" value="Add">
</form>
	<!-- END AddToTrolley.jsp -->
        <div class="numberInTrolley hidden numberInTrolley_540338" id="numberInTrolley_540338">
            
        </div>
    
                                        </div>

                                        <!-- BEGIN CatalogEntryRatingsReviewsInfo.jspf --><!-- productAllowedRatingsAndReviews: true -->
    <div class="reviews">
        
	        <a class="numberOfReviews repressive" href="http://reviews.sainsburys.co.uk//8076-en_gb/7671067-P/writereview.htm?submissionurl=http%3A%2F%2Fwww.sainsburys.co.uk%2Fwebapp%2Fwcs%2Fstores%2Fservlet%2FBVReviewSubmitDisplay%3FcatalogId%3D10245%26storeId%3D10151%26recipe%3D%26langId%3D44%26productId%3D7671067-P&amp;return=http%3A%2F%2Fwww.sainsburys.co.uk%2Fwebapp%2Fwcs%2Fstores%2Fservlet%2FCategoryDisplay%3FpageSize%3D100">
	    Write a review
          	</a>
        
    </div>
<!-- END CatalogEntryRatingsReviewsInfo.jspf -->
                                   </div>
                               <!-- Start AddToSubscriptionList.jspf --><!-- Start AddToSubscriptionList.jsp --><!-- End AddToSubscriptionList.jsp --><!-- End AddToSubscriptionList.jspf -->     
                    </div>
                            
                    
                </div>     
            </div>
            <!--ThumbnailRestriction --><!-- END CatalogEntryThumbnailDisplay.jsp -->
	                            </div>
</li>
	                         

	                            <li class="gridItem" style="min-height: 576px;">
	                                <!-- BEGIN CatalogEntryThumbnailDisplay.jsp --><!-- BEGIN MerchandisingAssociationsDisplay.jsp --><!-- Start - JSP File Name:  MerchandisingAssociationsDisplay.jsp --><!-- END MerchandisingAssociationsDisplay.jsp -->
            <div class="product  straplineRow">
                
                <div class="productInfo">
                    <div class="productNameAndPromotions">
                        
                                  <h3>
                                    <a href="http://www.sainsburys.co.uk/shop/gb/groceries/snacking-fruit-nuts/bear-yoyos-pure-fruit-rolls-apple-20g">
                                        Bear Yo Yo's Apple Snacking Fruit 20g
                                        <img src="http://c2.sainsburys.co.uk/wcsstore7.20.1.145/ExtendedSitesCatalogAssetStore/images/catalog/productImages/76/5060139430876/5060139430876_L.jpeg" alt=""></a>
                                </h3>
                              
                    </div> 
                </div>
                
                <div class="errorBanner hidden" id="error435329"></div>
                <div class="addToTrolleytabBox">   
                    <!--addToTrolleytabBox GRID VIEW --><!-- Start UserSubscribedOrNot.jspf --><!-- Start UserSubscribedOrNot.jsp --><!-- 
			If the user is not logged in, render this opening 
			DIV adding an addtional class to fix the border top which is removed 
			and replaced by the tabs
		-->
		<div class="addToTrolleytabContainer addItemBorderTop">
	<!-- End AddToSubscriptionList.jsp --><!-- End AddSubscriptionList.jspf --><!-- 
                    ATTENTION!!!
                    <div class="addToTrolleytabContainer">
                    This opening div is inside "../../ReusableObjects/UserSubscribedOrNot.jsp"
                    -->
                    <div class="pricingAndTrolleyOptions">
                    	
                                    <div class="priceTab priceTabContainer activeContainer addItem" id="addItem_435329">
                                       <div class="pricing">
                                           
	<p class="pricePerUnit">
    £0.55<abbr title="per">/</abbr><abbr title="unit"><span class="pricePerUnitUnit">unit</span></abbr>
</p>
 
    <p class="pricePerMeasure">£2.75<abbr title="per">/</abbr>100<abbr title="gram"><span class="pricePerMeasureMeasure">g</span></abbr>
    </p>

                                       </div>                                      

                                     
                                        <div class="addToTrolleyForm "> 
                                           <!-- BEGIN AddToTrolley.jsp -->

		<form class="addToTrolleyForm" name="OrderItemAddForm_435329" action="OrderItemAdd" method="post" id="OrderItemAddForm_435329">
		    <input type="hidden" name="storeId" value="10151"><input type="hidden" name="langId" value="44"><input type="hidden" name="catalogId" value="10241"><input type="hidden" name="errorViewName" value="CategoryDisplayView"><input type="hidden" name="SKU_ID" value="7637091"><input type="hidden" name="itemType" value=""><label class="access" for="quantity_435328">Quantity</label>
		        
					<input name="quantity" id="quantity_435328" type="text" size="3" value="1" class="quantity"><input type="hidden" name="catEntryId" value="435329"><input type="hidden" name="productId" value="435328"><input type="hidden" name="URL" value="http://www.sainsburys.co.uk/webapp/wcs/stores/servlet/CategoryDisplay?msg=&amp;langId=44&amp;storeId=10151&amp;krypto=vuAEiKPomv7LzzLk%2BVntwQI2vl4izu3clBqtkogv%2FZwrj4R8b2ZBCcL%2FQrlnn9saozDy8%2BJU2ynokAemMRBdS7GrI2CqTp6A3bMlXAkKGxVQCgRnSG1cBngQPy4ef65F8l4za2td9XxrYOb5hBqGAS13oXOAdUHexP8bwEcfb5g%3D&amp;ddkey=http%3Agb%2Fgroceries%2Ffood-cupboard%2Fsnacking-fruit-nuts"><input type="hidden" name="page" value=""><input type="hidden" name="contractId" value=""><input type="hidden" name="calculateOrder" value="1"><input type="hidden" name="calculationUsage" value="-1,-2,-3"><input type="hidden" name="updateable" value="1"><input type="hidden" name="merge" value="***"><input type="hidden" name="callAjax" value="false"><input class="button process" type="submit" name="Add" value="Add">
</form>
	<!-- END AddToTrolley.jsp -->
        <div class="numberInTrolley hidden numberInTrolley_435328" id="numberInTrolley_435328">
            
        </div>
    
                                        </div>

                                        <!-- BEGIN CatalogEntryRatingsReviewsInfo.jspf --><!-- productAllowedRatingsAndReviews: true -->
    <div class="reviews">
        
	        <a class="numberOfReviews repressive" href="http://reviews.sainsburys.co.uk//8076-en_gb/7637091-P/writereview.htm?submissionurl=http%3A%2F%2Fwww.sainsburys.co.uk%2Fwebapp%2Fwcs%2Fstores%2Fservlet%2FBVReviewSubmitDisplay%3FcatalogId%3D10245%26storeId%3D10151%26recipe%3D%26langId%3D44%26productId%3D7637091-P&amp;return=http%3A%2F%2Fwww.sainsburys.co.uk%2Fwebapp%2Fwcs%2Fstores%2Fservlet%2FCategoryDisplay%3FpageSize%3D100">
	    Write a review
          	</a>
        
    </div>
<!-- END CatalogEntryRatingsReviewsInfo.jspf -->
                                   </div>
                               <!-- Start AddToSubscriptionList.jspf --><!-- Start AddToSubscriptionList.jsp --><!-- End AddToSubscriptionList.jsp --><!-- End AddToSubscriptionList.jspf -->     
                    </div>
                            
                    
                </div>     
            </div>
            <!--ThumbnailRestriction --><!-- END CatalogEntryThumbnailDisplay.jsp -->
	                            </div>
</li>
	                         

	                            <li class="gridItem" style="min-height: 576px;">
	                                <!-- BEGIN CatalogEntryThumbnailDisplay.jsp --><!-- BEGIN MerchandisingAssociationsDisplay.jsp --><!-- Start - JSP File Name:  MerchandisingAssociationsDisplay.jsp -->
    <div class="coverage ranged"></div>
<!-- END MerchandisingAssociationsDisplay.jsp -->
	            	<div id="hasCrossSell_20915" class="product hasCrossSell  highlighted specialOffer straplineRow"> 
	                
                        <div class="productInfo">
                        	<div class="productNameAndPromotions">
                                
                                        <h3>
                                            <a href="http://www.sainsburys.co.uk/shop/gb/groceries/snacking-fruit-nuts/sunny-raisins-box-x6-425g">
                                                Sunny Raisin 6x42.5g
                                                <img src="http://c2.sainsburys.co.uk/wcsstore7.20.1.145/ExtendedSitesCatalogAssetStore/images/catalog/productImages/34/5000234044134/5000234044134_L.jpeg" alt=""></a>
                                        </h3>
                                    
    <div class="promotion">
                   
		            <p><a href="http://www.sainsburys.co.uk/shop/PromotionDisplayView?catalogId=10245&amp;langId=44&amp;productId=20914&amp;storeId=10151&amp;promotionId=10233565"><!-- BEGIN include/PromotionStrapline.jspf -->Only £1.50: Save 50p<br><!-- FINISH include/PromotionStrapline.jspf --></a></p>
		                        
    </div>
    
                            </div>
                                                      
                        </div>
                        
                        
                        
                    
                    <div class="addToTrolleytabBox">
                        <!-- Start UserSubscribedOrNot.jspf --><!-- Start UserSubscribedOrNot.jsp --><!-- 
			If the user is not logged in, render this opening 
			DIV adding an addtional class to fix the border top which is removed 
			and replaced by the tabs
		-->
		<div class="addToTrolleytabContainer addItemBorderTop">
	<!-- End AddToSubscriptionList.jsp --><!-- End AddSubscriptionList.jspf --><!-- 
                        ATTENTION!!!
                        <div class="addToTrolleytabContainer">
                        This opening div is inside "../../ReusableObjects/UserSubscribedOrNot.jsp"
                        -->
                        
		                <!--  <div class="pricingAndTrolleyFormWrapper"> -->
	                <div class="pricingAndTrolleyOptions">   
	                    <div class="priceTab activeContainer priceTabContainer" id="addItem_20915"> 
	                        <div class="pricing">
	                            
	<p class="pricePerUnit">
    £1.50<abbr title="per">/</abbr><abbr title="unit"><span class="pricePerUnitUnit">unit</span></abbr>
</p>
 
    <p class="pricePerMeasure">£0.59<abbr title="per">/</abbr>100<abbr title="gram"><span class="pricePerMeasureMeasure">g</span></abbr>
    </p>

	                        </div>                        
	                        
	                                    <div class="addToTrolleyForm ">                                    	
	                                        
	                                        <!-- BEGIN AddToTrolley.jsp -->

		<form class="addToTrolleyForm" name="OrderItemAddForm_20915" action="OrderItemAdd" method="post" id="OrderItemAddForm_20915">
		    <input type="hidden" name="storeId" value="10151"><input type="hidden" name="langId" value="44"><input type="hidden" name="catalogId" value="10241"><input type="hidden" name="errorViewName" value="CategoryDisplayView"><input type="hidden" name="SKU_ID" value="6318368"><input type="hidden" name="itemType" value=""><label class="access" for="quantity_20914">Quantity</label>
		        
					<input name="quantity" id="quantity_20914" type="text" size="3" value="1" class="quantity"><input type="hidden" name="catEntryId" value="20915"><input type="hidden" name="productId" value="20914"><input type="hidden" name="URL" value="http://www.sainsburys.co.uk/webapp/wcs/stores/servlet/CategoryDisplay?msg=&amp;langId=44&amp;storeId=10151&amp;krypto=vuAEiKPomv7LzzLk%2BVntwQI2vl4izu3clBqtkogv%2FZwrj4R8b2ZBCcL%2FQrlnn9saozDy8%2BJU2ynokAemMRBdS7GrI2CqTp6A3bMlXAkKGxVQCgRnSG1cBngQPy4ef65F8l4za2td9XxrYOb5hBqGAS13oXOAdUHexP8bwEcfb5g%3D&amp;ddkey=http%3Agb%2Fgroceries%2Ffood-cupboard%2Fsnacking-fruit-nuts"><input type="hidden" name="page" value=""><input type="hidden" name="contractId" value=""><input type="hidden" name="calculateOrder" value="1"><input type="hidden" name="calculationUsage" value="-1,-2,-3"><input type="hidden" name="updateable" value="1"><input type="hidden" name="merge" value="***"><input type="hidden" name="callAjax" value="false"><input class="button process" type="submit" name="Add" value="Add">
</form>
	<!-- END AddToTrolley.jsp -->
        <div class="numberInTrolley hidden numberInTrolley_20914" id="numberInTrolley_20914">
            
        </div>
    
	                                    </div>
		                                
                        </div>
                        <!-- Start AddToSubscriptionList.jspf --><!-- Start AddToSubscriptionList.jsp --><!-- End AddToSubscriptionList.jsp --><!-- End AddToSubscriptionList.jspf -->
                    </div>
		                        
                        <!-- </div> -->
                </div>     
        	</div>

            
        <div class="strapline"><a href="http://www.sainsburys.co.uk/shop/PromotionDisplayView?catalogId=10245&amp;langId=44&amp;productId=20914&amp;storeId=10151&amp;promotionId=10233565"><img src="/wcsstore7.20.1.145/SainsburysStorefrontAssetStore/wcassets/icons/special/img-special-offer.png" alt="Special Offer"></a></div>
    <!--ThumbnailRestriction -->
                        
            <div class="errorBanner hidden" id="error20915"></div>                                 
               <div id="additionalItems_20915" class="additionalItems">
			        <!-- BEGIN MerchandisingAssociationsDisplay.jsp --><!-- Start - JSP File Name:  MerchandisingAssociationsDisplay.jsp --><!-- BEGIN CatalogEntryThumbnailMerchandisingAssociation.jspf -->
                    
                    <div id="sitecatalyst_SELL_TYPE_1124881" class="siteCatalystTag">X-SELL</div>
                    <div class="crossSell recipeCrossSell">
                        <div class="crossSellIntro">
                            <div class="crossSellTitle">
                                <!-- BEGIN ContentDisplay.jsp -->
	                <img src="/wcsstore7.20.1.145/SainsburysStorefrontAssetStore/wcassets/merchandising_associations/find_out_more_grid_202x32.gif" alt="wcassets/merchandising_associations/find_out_more_grid_202x32.gif" border="0"><!-- end: ContentDisplay.jsp -->
</div>
                        </div>
                        <div class="crossSellInner">
                            <div class="crossSellInfoWrapper">
                                <div class="crossSellInfo">
                                    <h4 class="crossSellName">
                                        <span class="access">This may interest you </span>
                                        <a href="http://www.sainsburys.co.uk/shop/gb/groceries/get-ideas/our-freebies-and-competitions/our-freebies-and-competitions/pc1-win-amazon-echo-with-hula-hoops">
                                            <span>Win 1 of 20 Amazon Echos with Hula Hoops</span>
                                            
                                            <img src="http://c2.sainsburys.co.uk/wcsstore7.20.1.145/Sainsburys/..//SainsburysStorefrontAssetStore/wcassets/ideas/features/2017-2018/cycle_01_15_mar/kpsnacks_comp_iar_icon.jpg" alt=""></a>
                                    </h4>
                                </div>
                            </div>
                        </div>
                    </div>
                <!-- END CatalogEntryThumbnailMerchandisingAssociation.jspf --><!-- END MerchandisingAssociationsDisplay.jsp --> 
	    		</div>
	    <!-- END CatalogEntryThumbnailDisplay.jsp -->
	                            </div>
</li>
	                         

	                            <li class="gridItem" style="min-height: 576px;">
	                                <!-- BEGIN CatalogEntryThumbnailDisplay.jsp --><!-- BEGIN MerchandisingAssociationsDisplay.jsp --><!-- Start - JSP File Name:  MerchandisingAssociationsDisplay.jsp --><!-- END MerchandisingAssociationsDisplay.jsp -->
            <div class="product  highlighted specialOffer straplineRow">
                
                <div class="productInfo">
                    <div class="productNameAndPromotions">
                        
                                  <h3>
                                    <a href="http://www.sainsburys.co.uk/shop/gb/groceries/snacking-fruit-nuts/fruit-bowl-raspberry-yogurt-fruit-flakes-5x25g">
                                        Fruit Bowl Raspberry Yogurt Fruit Flakes 6x21g
                                        <img src="http://c2.sainsburys.co.uk/wcsstore7.20.1.145/ExtendedSitesCatalogAssetStore/images/catalog/productImages/54/5060011814954/5060011814954_L.jpeg" alt=""></a>
                                </h3>
                              
    <div class="promotion">
                   
		            <p><a href="http://www.sainsburys.co.uk/shop/PromotionDisplayView?catalogId=10245&amp;langId=44&amp;productId=21928&amp;storeId=10151&amp;promotionId=10233400"><!-- BEGIN include/PromotionStrapline.jspf -->Only £1.50: Save 50p<br><!-- FINISH include/PromotionStrapline.jspf --></a></p>
		                        
    </div>

                    </div> 
                </div>
                
        <div class="strapline"><a href="http://www.sainsburys.co.uk/shop/PromotionDisplayView?catalogId=10245&amp;langId=44&amp;productId=21928&amp;storeId=10151&amp;promotionId=10233400"><img src="/wcsstore7.20.1.145/SainsburysStorefrontAssetStore/wcassets/icons/special/img-special-offer.png" alt="Special Offer"></a></div>
    
                <div class="errorBanner hidden" id="error21929"></div>
                <div class="addToTrolleytabBox">   
                    <!--addToTrolleytabBox GRID VIEW --><!-- Start UserSubscribedOrNot.jspf --><!-- Start UserSubscribedOrNot.jsp --><!-- 
			If the user is not logged in, render this opening 
			DIV adding an addtional class to fix the border top which is removed 
			and replaced by the tabs
		-->
		<div class="addToTrolleytabContainer addItemBorderTop">
	<!-- End AddToSubscriptionList.jsp --><!-- End AddSubscriptionList.jspf --><!-- 
                    ATTENTION!!!
                    <div class="addToTrolleytabContainer">
                    This opening div is inside "../../ReusableObjects/UserSubscribedOrNot.jsp"
                    -->
                    <div class="pricingAndTrolleyOptions">
                    	
                                    <div class="priceTab priceTabContainer activeContainer addItem" id="addItem_21929">
                                       <div class="pricing">
                                           
	<p class="pricePerUnit">
    £1.50<abbr title="per">/</abbr><abbr title="unit"><span class="pricePerUnitUnit">unit</span></abbr>
</p>
 
    <p class="pricePerMeasure">£1.19<abbr title="per">/</abbr>100<abbr title="gram"><span class="pricePerMeasureMeasure">g</span></abbr>
    </p>

                                       </div>                                      

                                     
                                        <div class="addToTrolleyForm "> 
                                           <!-- BEGIN AddToTrolley.jsp -->

		<form class="addToTrolleyForm" name="OrderItemAddForm_21929" action="OrderItemAdd" method="post" id="OrderItemAddForm_21929">
		    <input type="hidden" name="storeId" value="10151"><input type="hidden" name="langId" value="44"><input type="hidden" name="catalogId" value="10241"><input type="hidden" name="errorViewName" value="CategoryDisplayView"><input type="hidden" name="SKU_ID" value="6602249"><input type="hidden" name="itemType" value=""><label class="access" for="quantity_21928">Quantity</label>
		        
					<input name="quantity" id="quantity_21928" type="text" size="3" value="1" class="quantity"><input type="hidden" name="catEntryId" value="21929"><input type="hidden" name="productId" value="21928"><input type="hidden" name="URL" value="http://www.sainsburys.co.uk/webapp/wcs/stores/servlet/CategoryDisplay?msg=&amp;langId=44&amp;storeId=10151&amp;krypto=vuAEiKPomv7LzzLk%2BVntwQI2vl4izu3clBqtkogv%2FZwrj4R8b2ZBCcL%2FQrlnn9saozDy8%2BJU2ynokAemMRBdS7GrI2CqTp6A3bMlXAkKGxVQCgRnSG1cBngQPy4ef65F8l4za2td9XxrYOb5hBqGAS13oXOAdUHexP8bwEcfb5g%3D&amp;ddkey=http%3Agb%2Fgroceries%2Ffood-cupboard%2Fsnacking-fruit-nuts"><input type="hidden" name="page" value=""><input type="hidden" name="contractId" value=""><input type="hidden" name="calculateOrder" value="1"><input type="hidden" name="calculationUsage" value="-1,-2,-3"><input type="hidden" name="updateable" value="1"><input type="hidden" name="merge" value="***"><input type="hidden" name="callAjax" value="false"><input class="button process" type="submit" name="Add" value="Add">
</form>
	<!-- END AddToTrolley.jsp -->
        <div class="numberInTrolley hidden numberInTrolley_21928" id="numberInTrolley_21928">
            
        </div>
    
                                        </div>

                                        <!-- BEGIN CatalogEntryRatingsReviewsInfo.jspf --><!-- productAllowedRatingsAndReviews: true -->
    <div class="reviews">
        
            <a class="numberOfReviews" href="http://www.sainsburys.co.uk/shop/gb/groceries/snacking-fruit-nuts/fruit-bowl-raspberry-yogurt-fruit-flakes-5x25g#reviews">
                <img src="http://c2.sainsburys.co.uk/wcsstore7.20.1.145/SainsburysStorefrontAssetStore/img/stars/rating-2_0.gif" alt="2.0" border="0">  
                Reviews (1)
            </a>
        
    </div>
<!-- END CatalogEntryRatingsReviewsInfo.jspf -->
                                   </div>
                               <!-- Start AddToSubscriptionList.jspf --><!-- Start AddToSubscriptionList.jsp --><!-- End AddToSubscriptionList.jsp --><!-- End AddToSubscriptionList.jspf -->     
                    </div>
                            
                    
                </div>     
            </div>
            <!--ThumbnailRestriction --><!-- END CatalogEntryThumbnailDisplay.jsp -->
	                            </div>
</li>
	                         

	                            <li class="gridItem" style="min-height: 448px;">
	                                <!-- BEGIN CatalogEntryThumbnailDisplay.jsp --><!-- BEGIN MerchandisingAssociationsDisplay.jsp --><!-- Start - JSP File Name:  MerchandisingAssociationsDisplay.jsp --><!-- END MerchandisingAssociationsDisplay.jsp -->
            <div class="product  straplineRow">
                
                <div class="productInfo">
                    <div class="productNameAndPromotions">
                        
                                  <h3>
                                    <a href="http://www.sainsburys.co.uk/shop/gb/groceries/snacking-fruit-nuts/bear-yo-yos-snacking-fruit--strawberry-20g">
                                        Bear Yo Yo's Strawberry Snacking Fruit 20g
                                        <img src="http://c2.sainsburys.co.uk/wcsstore7.20.1.145/ExtendedSitesCatalogAssetStore/images/catalog/productImages/41/5060139430241/5060139430241_L.jpeg" alt=""></a>
                                </h3>
                              
                    </div> 
                </div>
                
                <div class="errorBanner hidden" id="error30703"></div>
                <div class="addToTrolleytabBox">   
                    <!--addToTrolleytabBox GRID VIEW --><!-- Start UserSubscribedOrNot.jspf --><!-- Start UserSubscribedOrNot.jsp --><!-- 
			If the user is not logged in, render this opening 
			DIV adding an addtional class to fix the border top which is removed 
			and replaced by the tabs
		-->
		<div class="addToTrolleytabContainer addItemBorderTop">
	<!-- End AddToSubscriptionList.jsp --><!-- End AddSubscriptionList.jspf --><!-- 
                    ATTENTION!!!
                    <div class="addToTrolleytabContainer">
                    This opening div is inside "../../ReusableObjects/UserSubscribedOrNot.jsp"
                    -->
                    <div class="pricingAndTrolleyOptions">
                    	
                                    <div class="priceTab priceTabContainer activeContainer addItem" id="addItem_30703">
                                       <div class="pricing">
                                           
	<p class="pricePerUnit">
    £0.55<abbr title="per">/</abbr><abbr title="unit"><span class="pricePerUnitUnit">unit</span></abbr>
</p>
 
    <p class="pricePerMeasure">£2.75<abbr title="per">/</abbr>100<abbr title="gram"><span class="pricePerMeasureMeasure">g</span></abbr>
    </p>

                                       </div>                                      

                                     
                                        <div class="addToTrolleyForm "> 
                                           <!-- BEGIN AddToTrolley.jsp -->

		<form class="addToTrolleyForm" name="OrderItemAddForm_30703" action="OrderItemAdd" method="post" id="OrderItemAddForm_30703">
		    <input type="hidden" name="storeId" value="10151"><input type="hidden" name="langId" value="44"><input type="hidden" name="catalogId" value="10241"><input type="hidden" name="errorViewName" value="CategoryDisplayView"><input type="hidden" name="SKU_ID" value="7502314"><input type="hidden" name="itemType" value=""><label class="access" for="quantity_30702">Quantity</label>
		        
					<input name="quantity" id="quantity_30702" type="text" size="3" value="1" class="quantity"><input type="hidden" name="catEntryId" value="30703"><input type="hidden" name="productId" value="30702"><input type="hidden" name="URL" value="http://www.sainsburys.co.uk/webapp/wcs/stores/servlet/CategoryDisplay?msg=&amp;langId=44&amp;storeId=10151&amp;krypto=vuAEiKPomv7LzzLk%2BVntwQI2vl4izu3clBqtkogv%2FZwrj4R8b2ZBCcL%2FQrlnn9saozDy8%2BJU2ynokAemMRBdS7GrI2CqTp6A3bMlXAkKGxVQCgRnSG1cBngQPy4ef65F8l4za2td9XxrYOb5hBqGAS13oXOAdUHexP8bwEcfb5g%3D&amp;ddkey=http%3Agb%2Fgroceries%2Ffood-cupboard%2Fsnacking-fruit-nuts"><input type="hidden" name="page" value=""><input type="hidden" name="contractId" value=""><input type="hidden" name="calculateOrder" value="1"><input type="hidden" name="calculationUsage" value="-1,-2,-3"><input type="hidden" name="updateable" value="1"><input type="hidden" name="merge" value="***"><input type="hidden" name="callAjax" value="false"><input class="button process" type="submit" name="Add" value="Add">
</form>
	<!-- END AddToTrolley.jsp -->
        <div class="numberInTrolley hidden numberInTrolley_30702" id="numberInTrolley_30702">
            
        </div>
    
                                        </div>

                                        <!-- BEGIN CatalogEntryRatingsReviewsInfo.jspf --><!-- productAllowedRatingsAndReviews: true -->
    <div class="reviews">
        
	        <a class="numberOfReviews repressive" href="http://reviews.sainsburys.co.uk//8076-en_gb/7502314-P/writereview.htm?submissionurl=http%3A%2F%2Fwww.sainsburys.co.uk%2Fwebapp%2Fwcs%2Fstores%2Fservlet%2FBVReviewSubmitDisplay%3FcatalogId%3D10245%26storeId%3D10151%26recipe%3D%26langId%3D44%26productId%3D7502314-P&amp;return=http%3A%2F%2Fwww.sainsburys.co.uk%2Fwebapp%2Fwcs%2Fstores%2Fservlet%2FCategoryDisplay%3FpageSize%3D100">
	    Write a review
          	</a>
        
    </div>
<!-- END CatalogEntryRatingsReviewsInfo.jspf -->
                                   </div>
                               <!-- Start AddToSubscriptionList.jspf --><!-- Start AddToSubscriptionList.jsp --><!-- End AddToSubscriptionList.jsp --><!-- End AddToSubscriptionList.jspf -->     
                    </div>
                            
                    
                </div>     
            </div>
            <!--ThumbnailRestriction --><!-- END CatalogEntryThumbnailDisplay.jsp -->
	                            </div>
</li>
	                         

	                            <li class="gridItem" style="min-height: 448px;">
	                                <!-- BEGIN CatalogEntryThumbnailDisplay.jsp --><!-- BEGIN MerchandisingAssociationsDisplay.jsp --><!-- Start - JSP File Name:  MerchandisingAssociationsDisplay.jsp --><!-- END MerchandisingAssociationsDisplay.jsp -->
            <div class="product  straplineRow">
                
                <div class="productInfo">
                    <div class="productNameAndPromotions">
                        
                                  <h3>
                                    <a href="http://www.sainsburys.co.uk/shop/gb/groceries/snacking-fruit-nuts/bear-yo-yos-snacking-fruit--pineapple-20g">
                                        Bear Yo Yo's Pineapple Snacking Fruit 20g
                                        <img src="http://c2.sainsburys.co.uk/wcsstore7.20.1.145/ExtendedSitesCatalogAssetStore/images/catalog/productImages/69/5060139430869/5060139430869_L.jpeg" alt=""></a>
                                </h3>
                              
                    </div> 
                </div>
                
                <div class="errorBanner hidden" id="error32859"></div>
                <div class="addToTrolleytabBox">   
                    <!--addToTrolleytabBox GRID VIEW --><!-- Start UserSubscribedOrNot.jspf --><!-- Start UserSubscribedOrNot.jsp --><!-- 
			If the user is not logged in, render this opening 
			DIV adding an addtional class to fix the border top which is removed 
			and replaced by the tabs
		-->
		<div class="addToTrolleytabContainer addItemBorderTop">
	<!-- End AddToSubscriptionList.jsp --><!-- End AddSubscriptionList.jspf --><!-- 
                    ATTENTION!!!
                    <div class="addToTrolleytabContainer">
                    This opening div is inside "../../ReusableObjects/UserSubscribedOrNot.jsp"
                    -->
                    <div class="pricingAndTrolleyOptions">
                    	
                                    <div class="priceTab priceTabContainer activeContainer addItem" id="addItem_32859">
                                       <div class="pricing">
                                           
	<p class="pricePerUnit">
    £0.55<abbr title="per">/</abbr><abbr title="unit"><span class="pricePerUnitUnit">unit</span></abbr>
</p>
 
    <p class="pricePerMeasure">£2.75<abbr title="per">/</abbr>100<abbr title="gram"><span class="pricePerMeasureMeasure">g</span></abbr>
    </p>

                                       </div>                                      

                                     
                                        <div class="addToTrolleyForm "> 
                                           <!-- BEGIN AddToTrolley.jsp -->

		<form class="addToTrolleyForm" name="OrderItemAddForm_32859" action="OrderItemAdd" method="post" id="OrderItemAddForm_32859">
		    <input type="hidden" name="storeId" value="10151"><input type="hidden" name="langId" value="44"><input type="hidden" name="catalogId" value="10241"><input type="hidden" name="errorViewName" value="CategoryDisplayView"><input type="hidden" name="SKU_ID" value="7567198"><input type="hidden" name="itemType" value=""><label class="access" for="quantity_32858">Quantity</label>
		        
					<input name="quantity" id="quantity_32858" type="text" size="3" value="1" class="quantity"><input type="hidden" name="catEntryId" value="32859"><input type="hidden" name="productId" value="32858"><input type="hidden" name="URL" value="http://www.sainsburys.co.uk/webapp/wcs/stores/servlet/CategoryDisplay?msg=&amp;langId=44&amp;storeId=10151&amp;krypto=vuAEiKPomv7LzzLk%2BVntwQI2vl4izu3clBqtkogv%2FZwrj4R8b2ZBCcL%2FQrlnn9saozDy8%2BJU2ynokAemMRBdS7GrI2CqTp6A3bMlXAkKGxVQCgRnSG1cBngQPy4ef65F8l4za2td9XxrYOb5hBqGAS13oXOAdUHexP8bwEcfb5g%3D&amp;ddkey=http%3Agb%2Fgroceries%2Ffood-cupboard%2Fsnacking-fruit-nuts"><input type="hidden" name="page" value=""><input type="hidden" name="contractId" value=""><input type="hidden" name="calculateOrder" value="1"><input type="hidden" name="calculationUsage" value="-1,-2,-3"><input type="hidden" name="updateable" value="1"><input type="hidden" name="merge" value="***"><input type="hidden" name="callAjax" value="false"><input class="button process" type="submit" name="Add" value="Add">
</form>
	<!-- END AddToTrolley.jsp -->
        <div class="numberInTrolley hidden numberInTrolley_32858" id="numberInTrolley_32858">
            
        </div>
    
                                        </div>

                                        <!-- BEGIN CatalogEntryRatingsReviewsInfo.jspf --><!-- productAllowedRatingsAndReviews: true -->
    <div class="reviews">
        
	        <a class="numberOfReviews repressive" href="http://reviews.sainsburys.co.uk//8076-en_gb/7567198-P/writereview.htm?submissionurl=http%3A%2F%2Fwww.sainsburys.co.uk%2Fwebapp%2Fwcs%2Fstores%2Fservlet%2FBVReviewSubmitDisplay%3FcatalogId%3D10245%26storeId%3D10151%26recipe%3D%26langId%3D44%26productId%3D7567198-P&amp;return=http%3A%2F%2Fwww.sainsburys.co.uk%2Fwebapp%2Fwcs%2Fstores%2Fservlet%2FCategoryDisplay%3FpageSize%3D100">
	    Write a review
          	</a>
        
    </div>
<!-- END CatalogEntryRatingsReviewsInfo.jspf -->
                                   </div>
                               <!-- Start AddToSubscriptionList.jspf --><!-- Start AddToSubscriptionList.jsp --><!-- End AddToSubscriptionList.jsp --><!-- End AddToSubscriptionList.jspf -->     
                    </div>
                            
                    
                </div>     
            </div>
            <!--ThumbnailRestriction --><!-- END CatalogEntryThumbnailDisplay.jsp -->
	                            </div>
</li>
	                         

	                            <li class="gridItem" style="min-height: 448px;">
	                                <!-- BEGIN CatalogEntryThumbnailDisplay.jsp --><!-- BEGIN MerchandisingAssociationsDisplay.jsp --><!-- Start - JSP File Name:  MerchandisingAssociationsDisplay.jsp --><!-- END MerchandisingAssociationsDisplay.jsp -->
            <div class="product  highlighted specialOffer straplineRow">
                
                <div class="productInfo">
                    <div class="productNameAndPromotions">
                        
                                  <h3>
                                    <a href="http://www.sainsburys.co.uk/shop/gb/groceries/snacking-fruit-nuts/fruit-bowl-strawberry-flakes-x5-20g">
                                        Fruit Bowl Strawberry Flakes 6x18g
                                        <img src="http://c2.sainsburys.co.uk/wcsstore7.20.1.145/ExtendedSitesCatalogAssetStore/images/catalog/productImages/93/5060011814893/5060011814893_L.jpeg" alt=""></a>
                                </h3>
                              
    <div class="promotion">
                   
		            <p><a href="http://www.sainsburys.co.uk/shop/PromotionDisplayView?catalogId=10245&amp;langId=44&amp;productId=21440&amp;storeId=10151&amp;promotionId=10233400"><!-- BEGIN include/PromotionStrapline.jspf -->Only £1.50: Save 50p<br><!-- FINISH include/PromotionStrapline.jspf --></a></p>
		                        
    </div>

                    </div> 
                </div>
                
        <div class="strapline"><a href="http://www.sainsburys.co.uk/shop/PromotionDisplayView?catalogId=10245&amp;langId=44&amp;productId=21440&amp;storeId=10151&amp;promotionId=10233400"><img src="/wcsstore7.20.1.145/SainsburysStorefrontAssetStore/wcassets/icons/special/img-special-offer.png" alt="Special Offer"></a></div>
    
                <div class="errorBanner hidden" id="error21441"></div>
                <div class="addToTrolleytabBox">   
                    <!--addToTrolleytabBox GRID VIEW --><!-- Start UserSubscribedOrNot.jspf --><!-- Start UserSubscribedOrNot.jsp --><!-- 
			If the user is not logged in, render this opening 
			DIV adding an addtional class to fix the border top which is removed 
			and replaced by the tabs
		-->
		<div class="addToTrolleytabContainer addItemBorderTop">
	<!-- End AddToSubscriptionList.jsp --><!-- End AddSubscriptionList.jspf --><!-- 
                    ATTENTION!!!
                    <div class="addToTrolleytabContainer">
                    This opening div is inside "../../ReusableObjects/UserSubscribedOrNot.jsp"
                    -->
                    <div class="pricingAndTrolleyOptions">
                    	
                                    <div class="priceTab priceTabContainer activeContainer addItem" id="addItem_21441">
                                       <div class="pricing">
                                           
	<p class="pricePerUnit">
    £1.50<abbr title="per">/</abbr><abbr title="unit"><span class="pricePerUnitUnit">unit</span></abbr>
</p>
 
    <p class="pricePerMeasure">£1.39<abbr title="per">/</abbr>100<abbr title="gram"><span class="pricePerMeasureMeasure">g</span></abbr>
    </p>

                                       </div>                                      

                                     
                                        <div class="addToTrolleyForm "> 
                                           <!-- BEGIN AddToTrolley.jsp -->

		<form class="addToTrolleyForm" name="OrderItemAddForm_21441" action="OrderItemAdd" method="post" id="OrderItemAddForm_21441">
		    <input type="hidden" name="storeId" value="10151"><input type="hidden" name="langId" value="44"><input type="hidden" name="catalogId" value="10241"><input type="hidden" name="errorViewName" value="CategoryDisplayView"><input type="hidden" name="SKU_ID" value="6454961"><input type="hidden" name="itemType" value=""><label class="access" for="quantity_21440">Quantity</label>
		        
					<input name="quantity" id="quantity_21440" type="text" size="3" value="1" class="quantity"><input type="hidden" name="catEntryId" value="21441"><input type="hidden" name="productId" value="21440"><input type="hidden" name="URL" value="http://www.sainsburys.co.uk/webapp/wcs/stores/servlet/CategoryDisplay?msg=&amp;langId=44&amp;storeId=10151&amp;krypto=vuAEiKPomv7LzzLk%2BVntwQI2vl4izu3clBqtkogv%2FZwrj4R8b2ZBCcL%2FQrlnn9saozDy8%2BJU2ynokAemMRBdS7GrI2CqTp6A3bMlXAkKGxVQCgRnSG1cBngQPy4ef65F8l4za2td9XxrYOb5hBqGAS13oXOAdUHexP8bwEcfb5g%3D&amp;ddkey=http%3Agb%2Fgroceries%2Ffood-cupboard%2Fsnacking-fruit-nuts"><input type="hidden" name="page" value=""><input type="hidden" name="contractId" value=""><input type="hidden" name="calculateOrder" value="1"><input type="hidden" name="calculationUsage" value="-1,-2,-3"><input type="hidden" name="updateable" value="1"><input type="hidden" name="merge" value="***"><input type="hidden" name="callAjax" value="false"><input class="button process" type="submit" name="Add" value="Add">
</form>
	<!-- END AddToTrolley.jsp -->
        <div class="numberInTrolley hidden numberInTrolley_21440" id="numberInTrolley_21440">
            
        </div>
    
                                        </div>

                                        <!-- BEGIN CatalogEntryRatingsReviewsInfo.jspf --><!-- productAllowedRatingsAndReviews: true -->
    <div class="reviews">
        
            <a class="numberOfReviews" href="http://www.sainsburys.co.uk/shop/gb/groceries/snacking-fruit-nuts/fruit-bowl-strawberry-flakes-x5-20g#reviews">
                <img src="http://c2.sainsburys.co.uk/wcsstore7.20.1.145/SainsburysStorefrontAssetStore/img/stars/rating-5_0.gif" alt="5.0" border="0">  
                Reviews (1)
            </a>
        
    </div>
<!-- END CatalogEntryRatingsReviewsInfo.jspf -->
                                   </div>
                               <!-- Start AddToSubscriptionList.jspf --><!-- Start AddToSubscriptionList.jsp --><!-- End AddToSubscriptionList.jsp --><!-- End AddToSubscriptionList.jspf -->     
                    </div>
                            
                    
                </div>     
            </div>
            <!--ThumbnailRestriction --><!-- END CatalogEntryThumbnailDisplay.jsp -->
	                            </div>
</li>
	                         

	                            <li class="gridItem" style="min-height: 447px;">
	                                <!-- BEGIN CatalogEntryThumbnailDisplay.jsp --><!-- BEGIN MerchandisingAssociationsDisplay.jsp --><!-- Start - JSP File Name:  MerchandisingAssociationsDisplay.jsp --><!-- END MerchandisingAssociationsDisplay.jsp -->
            <div class="product  straplineRow">
                
                <div class="productInfo">
                    <div class="productNameAndPromotions">
                        
                                  <h3>
                                    <a href="http://www.sainsburys.co.uk/shop/gb/groceries/snacking-fruit-nuts/ellas-kitchen-organic-apple--banana--pear---kiwi-fruits--the-green-one-90g">
                                        Ella's Kitchen Squished Fruits Smoothie, The Green One 6+ Months 90g
                                        <img src="http://c2.sainsburys.co.uk/wcsstore7.20.1.145/ExtendedSitesCatalogAssetStore/images/catalog/productImages/12/5060107330412/5060107330412_L.jpeg" alt=""></a>
                                </h3>
                              
                    </div> 
                </div>
                
                <div class="errorBanner hidden" id="error29049"></div>
                <div class="addToTrolleytabBox">   
                    <!--addToTrolleytabBox GRID VIEW --><!-- Start UserSubscribedOrNot.jspf --><!-- Start UserSubscribedOrNot.jsp --><!-- 
			If the user is not logged in, render this opening 
			DIV adding an addtional class to fix the border top which is removed 
			and replaced by the tabs
		-->
		<div class="addToTrolleytabContainer addItemBorderTop">
	<!-- End AddToSubscriptionList.jsp --><!-- End AddSubscriptionList.jspf --><!-- 
                    ATTENTION!!!
                    <div class="addToTrolleytabContainer">
                    This opening div is inside "../../ReusableObjects/UserSubscribedOrNot.jsp"
                    -->
                    <div class="pricingAndTrolleyOptions">
                    	
                                    <div class="priceTab priceTabContainer activeContainer addItem" id="addItem_29049">
                                       <div class="pricing">
                                           
	<p class="pricePerUnit">
    £0.90<abbr title="per">/</abbr><abbr title="unit"><span class="pricePerUnitUnit">unit</span></abbr>
</p>
 
    <p class="pricePerMeasure">£1.00<abbr title="per">/</abbr>100<abbr title="gram"><span class="pricePerMeasureMeasure">g</span></abbr>
    </p>

                                       </div>                                      

                                     
                                        <div class="addToTrolleyForm "> 
                                           <!-- BEGIN AddToTrolley.jsp -->

		<form class="addToTrolleyForm" name="OrderItemAddForm_29049" action="OrderItemAdd" method="post" id="OrderItemAddForm_29049">
		    <input type="hidden" name="storeId" value="10151"><input type="hidden" name="langId" value="44"><input type="hidden" name="catalogId" value="10241"><input type="hidden" name="errorViewName" value="CategoryDisplayView"><input type="hidden" name="SKU_ID" value="7429758"><input type="hidden" name="itemType" value=""><label class="access" for="quantity_29048">Quantity</label>
		        
					<input name="quantity" id="quantity_29048" type="text" size="3" value="1" class="quantity"><input type="hidden" name="catEntryId" value="29049"><input type="hidden" name="productId" value="29048"><input type="hidden" name="URL" value="http://www.sainsburys.co.uk/webapp/wcs/stores/servlet/CategoryDisplay?msg=&amp;langId=44&amp;storeId=10151&amp;krypto=vuAEiKPomv7LzzLk%2BVntwQI2vl4izu3clBqtkogv%2FZwrj4R8b2ZBCcL%2FQrlnn9saozDy8%2BJU2ynokAemMRBdS7GrI2CqTp6A3bMlXAkKGxVQCgRnSG1cBngQPy4ef65F8l4za2td9XxrYOb5hBqGAS13oXOAdUHexP8bwEcfb5g%3D&amp;ddkey=http%3Agb%2Fgroceries%2Ffood-cupboard%2Fsnacking-fruit-nuts"><input type="hidden" name="page" value=""><input type="hidden" name="contractId" value=""><input type="hidden" name="calculateOrder" value="1"><input type="hidden" name="calculationUsage" value="-1,-2,-3"><input type="hidden" name="updateable" value="1"><input type="hidden" name="merge" value="***"><input type="hidden" name="callAjax" value="false"><input class="button process" type="submit" name="Add" value="Add">
</form>
	<!-- END AddToTrolley.jsp -->
        <div class="numberInTrolley hidden numberInTrolley_29048" id="numberInTrolley_29048">
            
        </div>
    
                                        </div>

                                        <!-- BEGIN CatalogEntryRatingsReviewsInfo.jspf --><!-- productAllowedRatingsAndReviews: true -->
    <div class="reviews">
        
	        <a class="numberOfReviews repressive" href="http://reviews.sainsburys.co.uk//8076-en_gb/7429758-P/writereview.htm?submissionurl=http%3A%2F%2Fwww.sainsburys.co.uk%2Fwebapp%2Fwcs%2Fstores%2Fservlet%2FBVReviewSubmitDisplay%3FcatalogId%3D10245%26storeId%3D10151%26recipe%3D%26langId%3D44%26productId%3D7429758-P&amp;return=http%3A%2F%2Fwww.sainsburys.co.uk%2Fwebapp%2Fwcs%2Fstores%2Fservlet%2FCategoryDisplay%3FpageSize%3D100">
	    Write a review
          	</a>
        
    </div>
<!-- END CatalogEntryRatingsReviewsInfo.jspf -->
                                   </div>
                               <!-- Start AddToSubscriptionList.jspf --><!-- Start AddToSubscriptionList.jsp --><!-- End AddToSubscriptionList.jsp --><!-- End AddToSubscriptionList.jspf -->     
                    </div>
                            
                    
                </div>     
            </div>
            <!--ThumbnailRestriction --><!-- END CatalogEntryThumbnailDisplay.jsp -->
	                            </div>
</li>
	                         

	                            <li class="gridItem" style="min-height: 447px;">
	                                <!-- BEGIN CatalogEntryThumbnailDisplay.jsp --><!-- BEGIN MerchandisingAssociationsDisplay.jsp --><!-- Start - JSP File Name:  MerchandisingAssociationsDisplay.jsp --><!-- END MerchandisingAssociationsDisplay.jsp -->
            <div class="product  highlighted specialOffer straplineRow">
                
                <div class="productInfo">
                    <div class="productNameAndPromotions">
                        
                                  <h3>
                                    <a href="http://www.sainsburys.co.uk/shop/gb/groceries/snacking-fruit-nuts/the-fruit-factory-fruit-strings-strawberry-x5-100g">
                                        The Fruit Factory Strawberry Fruit Strings 5x20g
                                        <img src="http://c2.sainsburys.co.uk/wcsstore7.20.1.145/ExtendedSitesCatalogAssetStore/images/catalog/productImages/12/5060036011512/5060036011512_L.jpeg" alt=""></a>
                                </h3>
                              
    <div class="promotion">
                   
		            <p><a href="http://www.sainsburys.co.uk/shop/PromotionDisplayView?catalogId=10245&amp;langId=44&amp;productId=27380&amp;storeId=10151&amp;promotionId=10233414"><!-- BEGIN include/PromotionStrapline.jspf -->Only £1.50: Save 50p<br><!-- FINISH include/PromotionStrapline.jspf --></a></p>
		                        
    </div>

                    </div> 
                </div>
                
        <div class="strapline"><a href="http://www.sainsburys.co.uk/shop/PromotionDisplayView?catalogId=10245&amp;langId=44&amp;productId=27380&amp;storeId=10151&amp;promotionId=10233414"><img src="/wcsstore7.20.1.145/SainsburysStorefrontAssetStore/wcassets/icons/special/img-special-offer.png" alt="Special Offer"></a></div>
    
                <div class="errorBanner hidden" id="error27381"></div>
                <div class="addToTrolleytabBox">   
                    <!--addToTrolleytabBox GRID VIEW --><!-- Start UserSubscribedOrNot.jspf --><!-- Start UserSubscribedOrNot.jsp --><!-- 
			If the user is not logged in, render this opening 
			DIV adding an addtional class to fix the border top which is removed 
			and replaced by the tabs
		-->
		<div class="addToTrolleytabContainer addItemBorderTop">
	<!-- End AddToSubscriptionList.jsp --><!-- End AddSubscriptionList.jspf --><!-- 
                    ATTENTION!!!
                    <div class="addToTrolleytabContainer">
                    This opening div is inside "../../ReusableObjects/UserSubscribedOrNot.jsp"
                    -->
                    <div class="pricingAndTrolleyOptions">
                    	
                                    <div class="priceTab priceTabContainer activeContainer addItem" id="addItem_27381">
                                       <div class="pricing">
                                           
	<p class="pricePerUnit">
    £1.50<abbr title="per">/</abbr><abbr title="unit"><span class="pricePerUnitUnit">unit</span></abbr>
</p>
 
    <p class="pricePerMeasure">£1.50<abbr title="per">/</abbr>100<abbr title="gram"><span class="pricePerMeasureMeasure">g</span></abbr>
    </p>

                                       </div>                                      

                                     
                                        <div class="addToTrolleyForm "> 
                                           <!-- BEGIN AddToTrolley.jsp -->

		<form class="addToTrolleyForm" name="OrderItemAddForm_27381" action="OrderItemAdd" method="post" id="OrderItemAddForm_27381">
		    <input type="hidden" name="storeId" value="10151"><input type="hidden" name="langId" value="44"><input type="hidden" name="catalogId" value="10241"><input type="hidden" name="errorViewName" value="CategoryDisplayView"><input type="hidden" name="SKU_ID" value="7224571"><input type="hidden" name="itemType" value=""><label class="access" for="quantity_27380">Quantity</label>
		        
					<input name="quantity" id="quantity_27380" type="text" size="3" value="1" class="quantity"><input type="hidden" name="catEntryId" value="27381"><input type="hidden" name="productId" value="27380"><input type="hidden" name="URL" value="http://www.sainsburys.co.uk/webapp/wcs/stores/servlet/CategoryDisplay?msg=&amp;langId=44&amp;storeId=10151&amp;krypto=vuAEiKPomv7LzzLk%2BVntwQI2vl4izu3clBqtkogv%2FZwrj4R8b2ZBCcL%2FQrlnn9saozDy8%2BJU2ynokAemMRBdS7GrI2CqTp6A3bMlXAkKGxVQCgRnSG1cBngQPy4ef65F8l4za2td9XxrYOb5hBqGAS13oXOAdUHexP8bwEcfb5g%3D&amp;ddkey=http%3Agb%2Fgroceries%2Ffood-cupboard%2Fsnacking-fruit-nuts"><input type="hidden" name="page" value=""><input type="hidden" name="contractId" value=""><input type="hidden" name="calculateOrder" value="1"><input type="hidden" name="calculationUsage" value="-1,-2,-3"><input type="hidden" name="updateable" value="1"><input type="hidden" name="merge" value="***"><input type="hidden" name="callAjax" value="false"><input class="button process" type="submit" name="Add" value="Add">
</form>
	<!-- END AddToTrolley.jsp -->
        <div class="numberInTrolley hidden numberInTrolley_27380" id="numberInTrolley_27380">
            
        </div>
    
                                        </div>

                                        <!-- BEGIN CatalogEntryRatingsReviewsInfo.jspf --><!-- productAllowedRatingsAndReviews: true -->
    <div class="reviews">
        
	        <a class="numberOfReviews repressive" href="http://reviews.sainsburys.co.uk//8076-en_gb/7224571-P/writereview.htm?submissionurl=http%3A%2F%2Fwww.sainsburys.co.uk%2Fwebapp%2Fwcs%2Fstores%2Fservlet%2FBVReviewSubmitDisplay%3FcatalogId%3D10245%26storeId%3D10151%26recipe%3D%26langId%3D44%26productId%3D7224571-P&amp;return=http%3A%2F%2Fwww.sainsburys.co.uk%2Fwebapp%2Fwcs%2Fstores%2Fservlet%2FCategoryDisplay%3FpageSize%3D100">
	    Write a review
          	</a>
        
    </div>
<!-- END CatalogEntryRatingsReviewsInfo.jspf -->
                                   </div>
                               <!-- Start AddToSubscriptionList.jspf --><!-- Start AddToSubscriptionList.jsp --><!-- End AddToSubscriptionList.jsp --><!-- End AddToSubscriptionList.jspf -->     
                    </div>
                            
                    
                </div>     
            </div>
            <!--ThumbnailRestriction --><!-- END CatalogEntryThumbnailDisplay.jsp -->
	                            </div>
</li>
	                         

	                            <li class="gridItem" style="min-height: 447px;">
	                                <!-- BEGIN CatalogEntryThumbnailDisplay.jsp --><!-- BEGIN MerchandisingAssociationsDisplay.jsp --><!-- Start - JSP File Name:  MerchandisingAssociationsDisplay.jsp --><!-- END MerchandisingAssociationsDisplay.jsp -->
            <div class="product  straplineRow">
                
                <div class="productInfo">
                    <div class="productNameAndPromotions">
                        
                                  <h3>
                                    <a href="http://www.sainsburys.co.uk/shop/gb/groceries/snacking-fruit-nuts/bear-yo-yos-snacking-fruit--raspberry-20g">
                                        Bear Yo Yo's Snacking Fruit, Raspberry 20g
                                        <img src="http://c2.sainsburys.co.uk/wcsstore7.20.1.145/ExtendedSitesCatalogAssetStore/images/catalog/productImages/65/5060139430265/5060139430265_L.jpeg" alt=""></a>
                                </h3>
                              
                    </div> 
                </div>
                
                <div class="errorBanner hidden" id="error30707"></div>
                <div class="addToTrolleytabBox">   
                    <!--addToTrolleytabBox GRID VIEW --><!-- Start UserSubscribedOrNot.jspf --><!-- Start UserSubscribedOrNot.jsp --><!-- 
			If the user is not logged in, render this opening 
			DIV adding an addtional class to fix the border top which is removed 
			and replaced by the tabs
		-->
		<div class="addToTrolleytabContainer addItemBorderTop">
	<!-- End AddToSubscriptionList.jsp --><!-- End AddSubscriptionList.jspf --><!-- 
                    ATTENTION!!!
                    <div class="addToTrolleytabContainer">
                    This opening div is inside "../../ReusableObjects/UserSubscribedOrNot.jsp"
                    -->
                    <div class="pricingAndTrolleyOptions">
                    	
                                    <div class="priceTab priceTabContainer activeContainer addItem" id="addItem_30707">
                                       <div class="pricing">
                                           
	<p class="pricePerUnit">
    £0.55<abbr title="per">/</abbr><abbr title="unit"><span class="pricePerUnitUnit">unit</span></abbr>
</p>
 
    <p class="pricePerMeasure">£2.75<abbr title="per">/</abbr>100<abbr title="gram"><span class="pricePerMeasureMeasure">g</span></abbr>
    </p>

                                       </div>                                      

                                     
                                        <div class="addToTrolleyForm "> 
                                           <!-- BEGIN AddToTrolley.jsp -->

		<form class="addToTrolleyForm" name="OrderItemAddForm_30707" action="OrderItemAdd" method="post" id="OrderItemAddForm_30707">
		    <input type="hidden" name="storeId" value="10151"><input type="hidden" name="langId" value="44"><input type="hidden" name="catalogId" value="10241"><input type="hidden" name="errorViewName" value="CategoryDisplayView"><input type="hidden" name="SKU_ID" value="7502320"><input type="hidden" name="itemType" value=""><label class="access" for="quantity_30706">Quantity</label>
		        
					<input name="quantity" id="quantity_30706" type="text" size="3" value="1" class="quantity"><input type="hidden" name="catEntryId" value="30707"><input type="hidden" name="productId" value="30706"><input type="hidden" name="URL" value="http://www.sainsburys.co.uk/webapp/wcs/stores/servlet/CategoryDisplay?msg=&amp;langId=44&amp;storeId=10151&amp;krypto=vuAEiKPomv7LzzLk%2BVntwQI2vl4izu3clBqtkogv%2FZwrj4R8b2ZBCcL%2FQrlnn9saozDy8%2BJU2ynokAemMRBdS7GrI2CqTp6A3bMlXAkKGxVQCgRnSG1cBngQPy4ef65F8l4za2td9XxrYOb5hBqGAS13oXOAdUHexP8bwEcfb5g%3D&amp;ddkey=http%3Agb%2Fgroceries%2Ffood-cupboard%2Fsnacking-fruit-nuts"><input type="hidden" name="page" value=""><input type="hidden" name="contractId" value=""><input type="hidden" name="calculateOrder" value="1"><input type="hidden" name="calculationUsage" value="-1,-2,-3"><input type="hidden" name="updateable" value="1"><input type="hidden" name="merge" value="***"><input type="hidden" name="callAjax" value="false"><input class="button process" type="submit" name="Add" value="Add">
</form>
	<!-- END AddToTrolley.jsp -->
        <div class="numberInTrolley hidden numberInTrolley_30706" id="numberInTrolley_30706">
            
        </div>
    
                                        </div>

                                        <!-- BEGIN CatalogEntryRatingsReviewsInfo.jspf --><!-- productAllowedRatingsAndReviews: true -->
    <div class="reviews">
        
	        <a class="numberOfReviews repressive" href="http://reviews.sainsburys.co.uk//8076-en_gb/7502320-P/writereview.htm?submissionurl=http%3A%2F%2Fwww.sainsburys.co.uk%2Fwebapp%2Fwcs%2Fstores%2Fservlet%2FBVReviewSubmitDisplay%3FcatalogId%3D10245%26storeId%3D10151%26recipe%3D%26langId%3D44%26productId%3D7502320-P&amp;return=http%3A%2F%2Fwww.sainsburys.co.uk%2Fwebapp%2Fwcs%2Fstores%2Fservlet%2FCategoryDisplay%3FpageSize%3D100">
	    Write a review
          	</a>
        
    </div>
<!-- END CatalogEntryRatingsReviewsInfo.jspf -->
                                   </div>
                               <!-- Start AddToSubscriptionList.jspf --><!-- Start AddToSubscriptionList.jsp --><!-- End AddToSubscriptionList.jsp --><!-- End AddToSubscriptionList.jspf -->     
                    </div>
                            
                    
                </div>     
            </div>
            <!--ThumbnailRestriction --><!-- END CatalogEntryThumbnailDisplay.jsp -->
	                            </div>
</li>
	                         

	                            <li class="gridItem" style="min-height: 519px;">
	                                <!-- BEGIN CatalogEntryThumbnailDisplay.jsp --><!-- BEGIN MerchandisingAssociationsDisplay.jsp --><!-- Start - JSP File Name:  MerchandisingAssociationsDisplay.jsp --><!-- END MerchandisingAssociationsDisplay.jsp -->
            <div class="product  straplineRow">
                
                <div class="productInfo">
                    <div class="productNameAndPromotions">
                        
                                  <h3>
                                    <a href="http://www.sainsburys.co.uk/shop/gb/groceries/snacking-fruit-nuts/bear-yoyos-pure-fruit-rolls-blackcurrant-20g">
                                        Bear Yo Yo's Blackcurrant Snacking Fruit 20g
                                        <img src="http://c2.sainsburys.co.uk/wcsstore7.20.1.145/ExtendedSitesCatalogAssetStore/images/catalog/productImages/60/5060139431460/5060139431460_L.jpeg" alt=""></a>
                                </h3>
                              
                    </div> 
                </div>
                
                <div class="errorBanner hidden" id="error541429"></div>
                <div class="addToTrolleytabBox">   
                    <!--addToTrolleytabBox GRID VIEW --><!-- Start UserSubscribedOrNot.jspf --><!-- Start UserSubscribedOrNot.jsp --><!-- 
			If the user is not logged in, render this opening 
			DIV adding an addtional class to fix the border top which is removed 
			and replaced by the tabs
		-->
		<div class="addToTrolleytabContainer addItemBorderTop">
	<!-- End AddToSubscriptionList.jsp --><!-- End AddSubscriptionList.jspf --><!-- 
                    ATTENTION!!!
                    <div class="addToTrolleytabContainer">
                    This opening div is inside "../../ReusableObjects/UserSubscribedOrNot.jsp"
                    -->
                    <div class="pricingAndTrolleyOptions">
                    	
                                    <div class="priceTab priceTabContainer activeContainer addItem" id="addItem_541429">
                                       <div class="pricing">
                                           
	<p class="pricePerUnit">
    £0.55<abbr title="per">/</abbr><abbr title="unit"><span class="pricePerUnitUnit">unit</span></abbr>
</p>
 
    <p class="pricePerMeasure">£2.75<abbr title="per">/</abbr>100<abbr title="gram"><span class="pricePerMeasureMeasure">g</span></abbr>
    </p>

                                       </div>                                      

                                     
                                        <div class="addToTrolleyForm "> 
                                           <!-- BEGIN AddToTrolley.jsp -->

		<form class="addToTrolleyForm" name="OrderItemAddForm_541429" action="OrderItemAdd" method="post" id="OrderItemAddForm_541429">
		    <input type="hidden" name="storeId" value="10151"><input type="hidden" name="langId" value="44"><input type="hidden" name="catalogId" value="10241"><input type="hidden" name="errorViewName" value="CategoryDisplayView"><input type="hidden" name="SKU_ID" value="7671074"><input type="hidden" name="itemType" value=""><label class="access" for="quantity_541428">Quantity</label>
		        
					<input name="quantity" id="quantity_541428" type="text" size="3" value="1" class="quantity"><input type="hidden" name="catEntryId" value="541429"><input type="hidden" name="productId" value="541428"><input type="hidden" name="URL" value="http://www.sainsburys.co.uk/webapp/wcs/stores/servlet/CategoryDisplay?msg=&amp;langId=44&amp;storeId=10151&amp;krypto=vuAEiKPomv7LzzLk%2BVntwQI2vl4izu3clBqtkogv%2FZwrj4R8b2ZBCcL%2FQrlnn9saozDy8%2BJU2ynokAemMRBdS7GrI2CqTp6A3bMlXAkKGxVQCgRnSG1cBngQPy4ef65F8l4za2td9XxrYOb5hBqGAS13oXOAdUHexP8bwEcfb5g%3D&amp;ddkey=http%3Agb%2Fgroceries%2Ffood-cupboard%2Fsnacking-fruit-nuts"><input type="hidden" name="page" value=""><input type="hidden" name="contractId" value=""><input type="hidden" name="calculateOrder" value="1"><input type="hidden" name="calculationUsage" value="-1,-2,-3"><input type="hidden" name="updateable" value="1"><input type="hidden" name="merge" value="***"><input type="hidden" name="callAjax" value="false"><input class="button process" type="submit" name="Add" value="Add">
</form>
	<!-- END AddToTrolley.jsp -->
        <div class="numberInTrolley hidden numberInTrolley_541428" id="numberInTrolley_541428">
            
        </div>
    
                                        </div>

                                        <!-- BEGIN CatalogEntryRatingsReviewsInfo.jspf --><!-- productAllowedRatingsAndReviews: true -->
    <div class="reviews">
        
	        <a class="numberOfReviews repressive" href="http://reviews.sainsburys.co.uk//8076-en_gb/7671074-P/writereview.htm?submissionurl=http%3A%2F%2Fwww.sainsburys.co.uk%2Fwebapp%2Fwcs%2Fstores%2Fservlet%2FBVReviewSubmitDisplay%3FcatalogId%3D10245%26storeId%3D10151%26recipe%3D%26langId%3D44%26productId%3D7671074-P&amp;return=http%3A%2F%2Fwww.sainsburys.co.uk%2Fwebapp%2Fwcs%2Fstores%2Fservlet%2FCategoryDisplay%3FpageSize%3D100">
	    Write a review
          	</a>
        
    </div>
<!-- END CatalogEntryRatingsReviewsInfo.jspf -->
                                   </div>
                               <!-- Start AddToSubscriptionList.jspf --><!-- Start AddToSubscriptionList.jsp --><!-- End AddToSubscriptionList.jsp --><!-- End AddToSubscriptionList.jspf -->     
                    </div>
                            
                    
                </div>     
            </div>
            <!--ThumbnailRestriction --><!-- END CatalogEntryThumbnailDisplay.jsp -->
	                            </div>
</li>
	                         

	                            <li class="gridItem" style="min-height: 519px;">
	                                <!-- BEGIN CatalogEntryThumbnailDisplay.jsp --><!-- BEGIN MerchandisingAssociationsDisplay.jsp --><!-- Start - JSP File Name:  MerchandisingAssociationsDisplay.jsp --><!-- END MerchandisingAssociationsDisplay.jsp -->
            <div class="product  straplineRow">
                
                <div class="productInfo">
                    <div class="productNameAndPromotions">
                        
                                  <h3>
                                    <a href="http://www.sainsburys.co.uk/shop/gb/groceries/snacking-fruit-nuts/ellas-the-purple-one-x5-90g">
                                        Ella's Kitchen The Purple One Pouch 4x90g 4 Month+
                                        <img src="http://c2.sainsburys.co.uk/wcsstore7.20.1.145/ExtendedSitesCatalogAssetStore/images/catalog/productImages/22/5060107330122/5060107330122_L.jpeg" alt=""></a>
                                </h3>
                              
                    </div> 
                </div>
                
                <div class="errorBanner hidden" id="error21579"></div>
                <div class="addToTrolleytabBox">   
                    <!--addToTrolleytabBox GRID VIEW --><!-- Start UserSubscribedOrNot.jspf --><!-- Start UserSubscribedOrNot.jsp --><!-- 
			If the user is not logged in, render this opening 
			DIV adding an addtional class to fix the border top which is removed 
			and replaced by the tabs
		-->
		<div class="addToTrolleytabContainer addItemBorderTop">
	<!-- End AddToSubscriptionList.jsp --><!-- End AddSubscriptionList.jspf --><!-- 
                    ATTENTION!!!
                    <div class="addToTrolleytabContainer">
                    This opening div is inside "../../ReusableObjects/UserSubscribedOrNot.jsp"
                    -->
                    <div class="pricingAndTrolleyOptions">
                    	
                                    <div class="priceTab priceTabContainer activeContainer addItem" id="addItem_21579">
                                       <div class="pricing">
                                           
	<p class="pricePerUnit">
    £3.50<abbr title="per">/</abbr><abbr title="unit"><span class="pricePerUnitUnit">unit</span></abbr>
</p>
 
    <p class="pricePerMeasure">£0.78<abbr title="per">/</abbr>100<abbr title="gram"><span class="pricePerMeasureMeasure">g</span></abbr>
    </p>

                                       </div>                                      

                                     
                                        <div class="addToTrolleyForm "> 
                                           <!-- BEGIN AddToTrolley.jsp -->

		<form class="addToTrolleyForm" name="OrderItemAddForm_21579" action="OrderItemAdd" method="post" id="OrderItemAddForm_21579">
		    <input type="hidden" name="storeId" value="10151"><input type="hidden" name="langId" value="44"><input type="hidden" name="catalogId" value="10241"><input type="hidden" name="errorViewName" value="CategoryDisplayView"><input type="hidden" name="SKU_ID" value="6513032"><input type="hidden" name="itemType" value=""><label class="access" for="quantity_21578">Quantity</label>
		        
					<input name="quantity" id="quantity_21578" type="text" size="3" value="1" class="quantity"><input type="hidden" name="catEntryId" value="21579"><input type="hidden" name="productId" value="21578"><input type="hidden" name="URL" value="http://www.sainsburys.co.uk/webapp/wcs/stores/servlet/CategoryDisplay?msg=&amp;langId=44&amp;storeId=10151&amp;krypto=vuAEiKPomv7LzzLk%2BVntwQI2vl4izu3clBqtkogv%2FZwrj4R8b2ZBCcL%2FQrlnn9saozDy8%2BJU2ynokAemMRBdS7GrI2CqTp6A3bMlXAkKGxVQCgRnSG1cBngQPy4ef65F8l4za2td9XxrYOb5hBqGAS13oXOAdUHexP8bwEcfb5g%3D&amp;ddkey=http%3Agb%2Fgroceries%2Ffood-cupboard%2Fsnacking-fruit-nuts"><input type="hidden" name="page" value=""><input type="hidden" name="contractId" value=""><input type="hidden" name="calculateOrder" value="1"><input type="hidden" name="calculationUsage" value="-1,-2,-3"><input type="hidden" name="updateable" value="1"><input type="hidden" name="merge" value="***"><input type="hidden" name="callAjax" value="false"><input class="button process" type="submit" name="Add" value="Add">
</form>
	<!-- END AddToTrolley.jsp -->
        <div class="numberInTrolley hidden numberInTrolley_21578" id="numberInTrolley_21578">
            
        </div>
    
                                        </div>

                                        <!-- BEGIN CatalogEntryRatingsReviewsInfo.jspf --><!-- productAllowedRatingsAndReviews: true -->
    <div class="reviews">
        
            <a class="numberOfReviews" href="http://www.sainsburys.co.uk/shop/gb/groceries/snacking-fruit-nuts/ellas-the-purple-one-x5-90g#reviews">
                <img src="http://c2.sainsburys.co.uk/wcsstore7.20.1.145/SainsburysStorefrontAssetStore/img/stars/rating-5_0.gif" alt="5.0" border="0">  
                Reviews (1)
            </a>
        
    </div>
<!-- END CatalogEntryRatingsReviewsInfo.jspf -->
                                   </div>
                               <!-- Start AddToSubscriptionList.jspf --><!-- Start AddToSubscriptionList.jsp --><!-- End AddToSubscriptionList.jsp --><!-- End AddToSubscriptionList.jspf -->     
                    </div>
                            
                    
    
    <div class="badges">
        <ul>
<li class="lastchild">

                        
                        
                        <img src="/wcsstore7.20.1.145/SainsburysStorefrontAssetStore/wcassets/icons/baby-4-months.png" alt="Baby 4 months">
</li>
                
        </ul>
</div>

                </div>     
            </div>
            <!--ThumbnailRestriction --><!-- END CatalogEntryThumbnailDisplay.jsp -->
	                            </div>
</li>
	                         

	                            <li class="gridItem" style="min-height: 519px;">
	                                <!-- BEGIN CatalogEntryThumbnailDisplay.jsp --><!-- BEGIN MerchandisingAssociationsDisplay.jsp --><!-- Start - JSP File Name:  MerchandisingAssociationsDisplay.jsp --><!-- END MerchandisingAssociationsDisplay.jsp -->
            <div class="product  highlighted specialOffer straplineRow">
                
                <div class="productInfo">
                    <div class="productNameAndPromotions">
                        
                                  <h3>
                                    <a href="http://www.sainsburys.co.uk/shop/gb/groceries/snacking-fruit-nuts/fruit-bowl-blackcurrant-fruit-yogurt-flakes-5x25g">
                                        Fruit Bowl Blackcurrant Fruit Yogurt Flakes 6x21g
                                        <img src="http://c2.sainsburys.co.uk/wcsstore7.20.1.145/ExtendedSitesCatalogAssetStore/images/catalog/productImages/47/5060011814947/5060011814947_L.jpeg" alt=""></a>
                                </h3>
                              
    <div class="promotion">
                   
		            <p><a href="http://www.sainsburys.co.uk/shop/PromotionDisplayView?catalogId=10245&amp;langId=44&amp;productId=21926&amp;storeId=10151&amp;promotionId=10233400"><!-- BEGIN include/PromotionStrapline.jspf -->Only £1.50: Save 50p<br><!-- FINISH include/PromotionStrapline.jspf --></a></p>
		                        
    </div>

                    </div> 
                </div>
                
        <div class="strapline"><a href="http://www.sainsburys.co.uk/shop/PromotionDisplayView?catalogId=10245&amp;langId=44&amp;productId=21926&amp;storeId=10151&amp;promotionId=10233400"><img src="/wcsstore7.20.1.145/SainsburysStorefrontAssetStore/wcassets/icons/special/img-special-offer.png" alt="Special Offer"></a></div>
    
                <div class="errorBanner hidden" id="error21927"></div>
                <div class="addToTrolleytabBox">   
                    <!--addToTrolleytabBox GRID VIEW --><!-- Start UserSubscribedOrNot.jspf --><!-- Start UserSubscribedOrNot.jsp --><!-- 
			If the user is not logged in, render this opening 
			DIV adding an addtional class to fix the border top which is removed 
			and replaced by the tabs
		-->
		<div class="addToTrolleytabContainer addItemBorderTop">
	<!-- End AddToSubscriptionList.jsp --><!-- End AddSubscriptionList.jspf --><!-- 
                    ATTENTION!!!
                    <div class="addToTrolleytabContainer">
                    This opening div is inside "../../ReusableObjects/UserSubscribedOrNot.jsp"
                    -->
                    <div class="pricingAndTrolleyOptions">
                    	
                                    <div class="priceTab priceTabContainer activeContainer addItem" id="addItem_21927">
                                       <div class="pricing">
                                           
	<p class="pricePerUnit">
    £1.50<abbr title="per">/</abbr><abbr title="unit"><span class="pricePerUnitUnit">unit</span></abbr>
</p>
 
    <p class="pricePerMeasure">£1.20<abbr title="per">/</abbr>100<abbr title="gram"><span class="pricePerMeasureMeasure">g</span></abbr>
    </p>

                                       </div>                                      

                                     
                                        <div class="addToTrolleyForm "> 
                                           <!-- BEGIN AddToTrolley.jsp -->

		<form class="addToTrolleyForm" name="OrderItemAddForm_21927" action="OrderItemAdd" method="post" id="OrderItemAddForm_21927">
		    <input type="hidden" name="storeId" value="10151"><input type="hidden" name="langId" value="44"><input type="hidden" name="catalogId" value="10241"><input type="hidden" name="errorViewName" value="CategoryDisplayView"><input type="hidden" name="SKU_ID" value="6602067"><input type="hidden" name="itemType" value=""><label class="access" for="quantity_21926">Quantity</label>
		        
					<input name="quantity" id="quantity_21926" type="text" size="3" value="1" class="quantity"><input type="hidden" name="catEntryId" value="21927"><input type="hidden" name="productId" value="21926"><input type="hidden" name="URL" value="http://www.sainsburys.co.uk/webapp/wcs/stores/servlet/CategoryDisplay?msg=&amp;langId=44&amp;storeId=10151&amp;krypto=vuAEiKPomv7LzzLk%2BVntwQI2vl4izu3clBqtkogv%2FZwrj4R8b2ZBCcL%2FQrlnn9saozDy8%2BJU2ynokAemMRBdS7GrI2CqTp6A3bMlXAkKGxVQCgRnSG1cBngQPy4ef65F8l4za2td9XxrYOb5hBqGAS13oXOAdUHexP8bwEcfb5g%3D&amp;ddkey=http%3Agb%2Fgroceries%2Ffood-cupboard%2Fsnacking-fruit-nuts"><input type="hidden" name="page" value=""><input type="hidden" name="contractId" value=""><input type="hidden" name="calculateOrder" value="1"><input type="hidden" name="calculationUsage" value="-1,-2,-3"><input type="hidden" name="updateable" value="1"><input type="hidden" name="merge" value="***"><input type="hidden" name="callAjax" value="false"><input class="button process" type="submit" name="Add" value="Add">
</form>
	<!-- END AddToTrolley.jsp -->
        <div class="numberInTrolley hidden numberInTrolley_21926" id="numberInTrolley_21926">
            
        </div>
    
                                        </div>

                                        <!-- BEGIN CatalogEntryRatingsReviewsInfo.jspf --><!-- productAllowedRatingsAndReviews: true -->
    <div class="reviews">
        
	        <a class="numberOfReviews repressive" href="http://reviews.sainsburys.co.uk//8076-en_gb/6602067-P/writereview.htm?submissionurl=http%3A%2F%2Fwww.sainsburys.co.uk%2Fwebapp%2Fwcs%2Fstores%2Fservlet%2FBVReviewSubmitDisplay%3FcatalogId%3D10245%26storeId%3D10151%26recipe%3D%26langId%3D44%26productId%3D6602067-P&amp;return=http%3A%2F%2Fwww.sainsburys.co.uk%2Fwebapp%2Fwcs%2Fstores%2Fservlet%2FCategoryDisplay%3FpageSize%3D100">
	    Write a review
          	</a>
        
    </div>
<!-- END CatalogEntryRatingsReviewsInfo.jspf -->
                                   </div>
                               <!-- Start AddToSubscriptionList.jspf --><!-- Start AddToSubscriptionList.jsp --><!-- End AddToSubscriptionList.jsp --><!-- End AddToSubscriptionList.jspf -->     
                    </div>
                            
                    
                </div>     
            </div>
            <!--ThumbnailRestriction --><!-- END CatalogEntryThumbnailDisplay.jsp -->
	                            </div>
</li>
	                         

	                            <li class="gridItem" style="min-height: 406px;">
	                                <!-- BEGIN CatalogEntryThumbnailDisplay.jsp --><!-- BEGIN MerchandisingAssociationsDisplay.jsp --><!-- Start - JSP File Name:  MerchandisingAssociationsDisplay.jsp --><!-- END MerchandisingAssociationsDisplay.jsp -->
            <div class="product ">
                
                <div class="productInfo">
                    <div class="productNameAndPromotions">
                        
                                  <h3>
                                    <a href="http://www.sainsburys.co.uk/shop/gb/groceries/snacking-fruit-nuts/sainsburys-ready-to-eat-figs-500g">
                                        Sainsbury's Figs 500g
                                        <img src="http://c2.sainsburys.co.uk/wcsstore7.20.1.145/ExtendedSitesCatalogAssetStore/images/catalog/productImages/37/0000001385137/0000001385137_L.jpeg" alt=""></a>
                                </h3>
                              
                    </div> 
                </div>
                
                <div class="errorBanner hidden" id="error17393"></div>
                <div class="addToTrolleytabBox">   
                    <!--addToTrolleytabBox GRID VIEW --><!-- Start UserSubscribedOrNot.jspf --><!-- Start UserSubscribedOrNot.jsp --><!-- 
			If the user is not logged in, render this opening 
			DIV adding an addtional class to fix the border top which is removed 
			and replaced by the tabs
		-->
		<div class="addToTrolleytabContainer addItemBorderTop">
	<!-- End AddToSubscriptionList.jsp --><!-- End AddSubscriptionList.jspf --><!-- 
                    ATTENTION!!!
                    <div class="addToTrolleytabContainer">
                    This opening div is inside "../../ReusableObjects/UserSubscribedOrNot.jsp"
                    -->
                    <div class="pricingAndTrolleyOptions">
                    	
                                    <div class="priceTab priceTabContainer activeContainer addItem" id="addItem_17393">
                                       <div class="pricing">
                                           
	<p class="pricePerUnit">
    £2.50<abbr title="per">/</abbr><abbr title="unit"><span class="pricePerUnitUnit">unit</span></abbr>
</p>
 
    <p class="pricePerMeasure">£0.50<abbr title="per">/</abbr>100<abbr title="gram"><span class="pricePerMeasureMeasure">g</span></abbr>
    </p>

                                       </div>                                      

                                     
                                        <div class="addToTrolleyForm "> 
                                           <!-- BEGIN AddToTrolley.jsp -->

		<form class="addToTrolleyForm" name="OrderItemAddForm_17393" action="OrderItemAdd" method="post" id="OrderItemAddForm_17393">
		    <input type="hidden" name="storeId" value="10151"><input type="hidden" name="langId" value="44"><input type="hidden" name="catalogId" value="10241"><input type="hidden" name="errorViewName" value="CategoryDisplayView"><input type="hidden" name="SKU_ID" value="1385106"><input type="hidden" name="itemType" value=""><label class="access" for="quantity_17392">Quantity</label>
		        
					<input name="quantity" id="quantity_17392" type="text" size="3" value="1" class="quantity"><input type="hidden" name="catEntryId" value="17393"><input type="hidden" name="productId" value="17392"><input type="hidden" name="URL" value="http://www.sainsburys.co.uk/webapp/wcs/stores/servlet/CategoryDisplay?msg=&amp;langId=44&amp;storeId=10151&amp;krypto=vuAEiKPomv7LzzLk%2BVntwQI2vl4izu3clBqtkogv%2FZwrj4R8b2ZBCcL%2FQrlnn9saozDy8%2BJU2ynokAemMRBdS7GrI2CqTp6A3bMlXAkKGxVQCgRnSG1cBngQPy4ef65F8l4za2td9XxrYOb5hBqGAS13oXOAdUHexP8bwEcfb5g%3D&amp;ddkey=http%3Agb%2Fgroceries%2Ffood-cupboard%2Fsnacking-fruit-nuts"><input type="hidden" name="page" value=""><input type="hidden" name="contractId" value=""><input type="hidden" name="calculateOrder" value="1"><input type="hidden" name="calculationUsage" value="-1,-2,-3"><input type="hidden" name="updateable" value="1"><input type="hidden" name="merge" value="***"><input type="hidden" name="callAjax" value="false"><input class="button process" type="submit" name="Add" value="Add">
</form>
	<!-- END AddToTrolley.jsp -->
        <div class="numberInTrolley hidden numberInTrolley_17392" id="numberInTrolley_17392">
            
        </div>
    
                                        </div>

                                        <!-- BEGIN CatalogEntryRatingsReviewsInfo.jspf --><!-- productAllowedRatingsAndReviews: true -->
    <div class="reviews">
        
            <a class="numberOfReviews" href="http://www.sainsburys.co.uk/shop/gb/groceries/snacking-fruit-nuts/sainsburys-ready-to-eat-figs-500g#reviews">
                <img src="http://c2.sainsburys.co.uk/wcsstore7.20.1.145/SainsburysStorefrontAssetStore/img/stars/rating-5_0.gif" alt="5.0" border="0">  
                Reviews (3)
            </a>
        
    </div>
<!-- END CatalogEntryRatingsReviewsInfo.jspf -->
                                   </div>
                               <!-- Start AddToSubscriptionList.jspf --><!-- Start AddToSubscriptionList.jsp --><!-- End AddToSubscriptionList.jsp --><!-- End AddToSubscriptionList.jspf -->     
                    </div>
                            
                    
                </div>     
            </div>
            <!--ThumbnailRestriction --><!-- END CatalogEntryThumbnailDisplay.jsp -->
	                            </div>
</li>
	                         

	                            <li class="gridItem" style="min-height: 406px;">
	                                <!-- BEGIN CatalogEntryThumbnailDisplay.jsp --><!-- BEGIN MerchandisingAssociationsDisplay.jsp --><!-- Start - JSP File Name:  MerchandisingAssociationsDisplay.jsp --><!-- END MerchandisingAssociationsDisplay.jsp -->
            <div class="product ">
                
                <div class="productInfo">
                    <div class="productNameAndPromotions">
                        
                                  <h3>
                                    <a href="http://www.sainsburys.co.uk/shop/gb/groceries/snacking-fruit-nuts/sainsburys-dried-figs--ready-to-eat-250g">
                                        Sainsbury's Dried Figs 250g
                                        <img src="http://c2.sainsburys.co.uk/wcsstore7.20.1.145/ExtendedSitesCatalogAssetStore/images/catalog/productImages/63/0000000398763/0000000398763_L.jpeg" alt=""></a>
                                </h3>
                              
                    </div> 
                </div>
                
                <div class="errorBanner hidden" id="error19297"></div>
                <div class="addToTrolleytabBox">   
                    <!--addToTrolleytabBox GRID VIEW --><!-- Start UserSubscribedOrNot.jspf --><!-- Start UserSubscribedOrNot.jsp --><!-- 
			If the user is not logged in, render this opening 
			DIV adding an addtional class to fix the border top which is removed 
			and replaced by the tabs
		-->
		<div class="addToTrolleytabContainer addItemBorderTop">
	<!-- End AddToSubscriptionList.jsp --><!-- End AddSubscriptionList.jspf --><!-- 
                    ATTENTION!!!
                    <div class="addToTrolleytabContainer">
                    This opening div is inside "../../ReusableObjects/UserSubscribedOrNot.jsp"
                    -->
                    <div class="pricingAndTrolleyOptions">
                    	
                                    <div class="priceTab priceTabContainer activeContainer addItem" id="addItem_19297">
                                       <div class="pricing">
                                           
	<p class="pricePerUnit">
    £1.50<abbr title="per">/</abbr><abbr title="unit"><span class="pricePerUnitUnit">unit</span></abbr>
</p>
 
    <p class="pricePerMeasure">£0.60<abbr title="per">/</abbr>100<abbr title="gram"><span class="pricePerMeasureMeasure">g</span></abbr>
    </p>

                                       </div>                                      

                                     
                                        <div class="addToTrolleyForm "> 
                                           <!-- BEGIN AddToTrolley.jsp -->

		<form class="addToTrolleyForm" name="OrderItemAddForm_19297" action="OrderItemAdd" method="post" id="OrderItemAddForm_19297">
		    <input type="hidden" name="storeId" value="10151"><input type="hidden" name="langId" value="44"><input type="hidden" name="catalogId" value="10241"><input type="hidden" name="errorViewName" value="CategoryDisplayView"><input type="hidden" name="SKU_ID" value="398763"><input type="hidden" name="itemType" value=""><label class="access" for="quantity_19296">Quantity</label>
		        
					<input name="quantity" id="quantity_19296" type="text" size="3" value="1" class="quantity"><input type="hidden" name="catEntryId" value="19297"><input type="hidden" name="productId" value="19296"><input type="hidden" name="URL" value="http://www.sainsburys.co.uk/webapp/wcs/stores/servlet/CategoryDisplay?msg=&amp;langId=44&amp;storeId=10151&amp;krypto=vuAEiKPomv7LzzLk%2BVntwQI2vl4izu3clBqtkogv%2FZwrj4R8b2ZBCcL%2FQrlnn9saozDy8%2BJU2ynokAemMRBdS7GrI2CqTp6A3bMlXAkKGxVQCgRnSG1cBngQPy4ef65F8l4za2td9XxrYOb5hBqGAS13oXOAdUHexP8bwEcfb5g%3D&amp;ddkey=http%3Agb%2Fgroceries%2Ffood-cupboard%2Fsnacking-fruit-nuts"><input type="hidden" name="page" value=""><input type="hidden" name="contractId" value=""><input type="hidden" name="calculateOrder" value="1"><input type="hidden" name="calculationUsage" value="-1,-2,-3"><input type="hidden" name="updateable" value="1"><input type="hidden" name="merge" value="***"><input type="hidden" name="callAjax" value="false"><input class="button process" type="submit" name="Add" value="Add">
</form>
	<!-- END AddToTrolley.jsp -->
        <div class="numberInTrolley hidden numberInTrolley_19296" id="numberInTrolley_19296">
            
        </div>
    
                                        </div>

                                        <!-- BEGIN CatalogEntryRatingsReviewsInfo.jspf --><!-- productAllowedRatingsAndReviews: true -->
    <div class="reviews">
        
            <a class="numberOfReviews" href="http://www.sainsburys.co.uk/shop/gb/groceries/snacking-fruit-nuts/sainsburys-dried-figs--ready-to-eat-250g#reviews">
                <img src="http://c2.sainsburys.co.uk/wcsstore7.20.1.145/SainsburysStorefrontAssetStore/img/stars/rating-4_0.gif" alt="4.0" border="0">  
                Reviews (3)
            </a>
        
    </div>
<!-- END CatalogEntryRatingsReviewsInfo.jspf -->
                                   </div>
                               <!-- Start AddToSubscriptionList.jspf --><!-- Start AddToSubscriptionList.jsp --><!-- End AddToSubscriptionList.jsp --><!-- End AddToSubscriptionList.jspf -->     
                    </div>
                            
                    
                </div>     
            </div>
            <!--ThumbnailRestriction --><!-- END CatalogEntryThumbnailDisplay.jsp -->
	                            </div>
</li>
	                         

	                            <li class="gridItem" style="min-height: 406px;">
	                                <!-- BEGIN CatalogEntryThumbnailDisplay.jsp --><!-- BEGIN MerchandisingAssociationsDisplay.jsp --><!-- Start - JSP File Name:  MerchandisingAssociationsDisplay.jsp --><!-- END MerchandisingAssociationsDisplay.jsp -->
            <div class="product ">
                
                <div class="productInfo">
                    <div class="productNameAndPromotions">
                        
                                  <h3>
                                    <a href="http://www.sainsburys.co.uk/shop/gb/groceries/snacking-fruit-nuts/fruit-bowl-fruit-peelers-strawberry-60g">
                                        Fruit Bowl Strawberry Fruit Peelers 60g
                                        <img src="http://c2.sainsburys.co.uk/wcsstore7.20.1.145/ExtendedSitesCatalogAssetStore/images/catalog/productImages/29/5060011815029/5060011815029_L.jpeg" alt=""></a>
                                </h3>
                              
                    </div> 
                </div>
                
                <div class="errorBanner hidden" id="error32213"></div>
                <div class="addToTrolleytabBox">   
                    <!--addToTrolleytabBox GRID VIEW --><!-- Start UserSubscribedOrNot.jspf --><!-- Start UserSubscribedOrNot.jsp --><!-- 
			If the user is not logged in, render this opening 
			DIV adding an addtional class to fix the border top which is removed 
			and replaced by the tabs
		-->
		<div class="addToTrolleytabContainer addItemBorderTop">
	<!-- End AddToSubscriptionList.jsp --><!-- End AddSubscriptionList.jspf --><!-- 
                    ATTENTION!!!
                    <div class="addToTrolleytabContainer">
                    This opening div is inside "../../ReusableObjects/UserSubscribedOrNot.jsp"
                    -->
                    <div class="pricingAndTrolleyOptions">
                    	
                                    <div class="priceTab priceTabContainer activeContainer addItem" id="addItem_32213">
                                       <div class="pricing">
                                           
	<p class="pricePerUnit">
    £1.50<abbr title="per">/</abbr><abbr title="unit"><span class="pricePerUnitUnit">unit</span></abbr>
</p>
 
    <p class="pricePerMeasure">£2.34<abbr title="per">/</abbr>100<abbr title="gram"><span class="pricePerMeasureMeasure">g</span></abbr>
    </p>

                                       </div>                                      

                                     
                                        <div class="addToTrolleyForm "> 
                                           <!-- BEGIN AddToTrolley.jsp -->

		<form class="addToTrolleyForm" name="OrderItemAddForm_32213" action="OrderItemAdd" method="post" id="OrderItemAddForm_32213">
		    <input type="hidden" name="storeId" value="10151"><input type="hidden" name="langId" value="44"><input type="hidden" name="catalogId" value="10241"><input type="hidden" name="errorViewName" value="CategoryDisplayView"><input type="hidden" name="SKU_ID" value="7552004"><input type="hidden" name="itemType" value=""><label class="access" for="quantity_32212">Quantity</label>
		        
					<input name="quantity" id="quantity_32212" type="text" size="3" value="1" class="quantity"><input type="hidden" name="catEntryId" value="32213"><input type="hidden" name="productId" value="32212"><input type="hidden" name="URL" value="http://www.sainsburys.co.uk/webapp/wcs/stores/servlet/CategoryDisplay?msg=&amp;langId=44&amp;storeId=10151&amp;krypto=vuAEiKPomv7LzzLk%2BVntwQI2vl4izu3clBqtkogv%2FZwrj4R8b2ZBCcL%2FQrlnn9saozDy8%2BJU2ynokAemMRBdS7GrI2CqTp6A3bMlXAkKGxVQCgRnSG1cBngQPy4ef65F8l4za2td9XxrYOb5hBqGAS13oXOAdUHexP8bwEcfb5g%3D&amp;ddkey=http%3Agb%2Fgroceries%2Ffood-cupboard%2Fsnacking-fruit-nuts"><input type="hidden" name="page" value=""><input type="hidden" name="contractId" value=""><input type="hidden" name="calculateOrder" value="1"><input type="hidden" name="calculationUsage" value="-1,-2,-3"><input type="hidden" name="updateable" value="1"><input type="hidden" name="merge" value="***"><input type="hidden" name="callAjax" value="false"><input class="button process" type="submit" name="Add" value="Add">
</form>
	<!-- END AddToTrolley.jsp -->
        <div class="numberInTrolley hidden numberInTrolley_32212" id="numberInTrolley_32212">
            
        </div>
    
                                        </div>

                                        <!-- BEGIN CatalogEntryRatingsReviewsInfo.jspf --><!-- productAllowedRatingsAndReviews: true -->
    <div class="reviews">
        
	        <a class="numberOfReviews repressive" href="http://reviews.sainsburys.co.uk//8076-en_gb/7552004-P/writereview.htm?submissionurl=http%3A%2F%2Fwww.sainsburys.co.uk%2Fwebapp%2Fwcs%2Fstores%2Fservlet%2FBVReviewSubmitDisplay%3FcatalogId%3D10245%26storeId%3D10151%26recipe%3D%26langId%3D44%26productId%3D7552004-P&amp;return=http%3A%2F%2Fwww.sainsburys.co.uk%2Fwebapp%2Fwcs%2Fstores%2Fservlet%2FCategoryDisplay%3FpageSize%3D100">
	    Write a review
          	</a>
        
    </div>
<!-- END CatalogEntryRatingsReviewsInfo.jspf -->
                                   </div>
                               <!-- Start AddToSubscriptionList.jspf --><!-- Start AddToSubscriptionList.jsp --><!-- End AddToSubscriptionList.jsp --><!-- End AddToSubscriptionList.jspf -->     
                    </div>
                            
                    
                </div>     
            </div>
            <!--ThumbnailRestriction --><!-- END CatalogEntryThumbnailDisplay.jsp -->
	                            </div>
</li>
	                         
	            </ul>
<h2 class="access">Product pagination</h2>
<div class="pagination paginationBottom">

    
    <ul class="pages">
<li class="previous">
		        
		        <span class="access">Go to previous page</span>
		        
            </li>

        <li class="current">
<span class="access">Current page </span><span>1</span>
</li>
        
            <li><a href="http://www.sainsburys.co.uk/shop/CategoryDisplay?pageSize=30&amp;searchTerm=&amp;catalogId=10241&amp;orderBy=FAVOURITES_ONLY%7CTOP_SELLERS&amp;top_category=12422&amp;parent_category_rn=12422&amp;listId=&amp;categoryId=13288&amp;langId=44&amp;beginIndex=30&amp;storeId=10151&amp;promotionId="><span class="access">Page </span><span>2</span></a></li>
        
            <li><a href="http://www.sainsburys.co.uk/shop/CategoryDisplay?pageSize=30&amp;searchTerm=&amp;catalogId=10241&amp;orderBy=FAVOURITES_ONLY%7CTOP_SELLERS&amp;top_category=12422&amp;parent_category_rn=12422&amp;listId=&amp;categoryId=13288&amp;langId=44&amp;beginIndex=60&amp;storeId=10151&amp;promotionId="><span class="access">Page </span><span>3</span></a></li>
        
            <li class="next">
        
            <a href="http://www.sainsburys.co.uk/shop/CategoryDisplay?pageSize=30&amp;searchTerm=&amp;catalogId=10241&amp;orderBy=FAVOURITES_ONLY%7CTOP_SELLERS&amp;top_category=12422&amp;parent_category_rn=12422&amp;listId=&amp;categoryId=13288&amp;langId=44&amp;beginIndex=30&amp;storeId=10151&amp;promotionId=">
        
        <span class="access">Go to next page</span>
        
            </a>
        
            </li>
    </ul>
</div>

            </div>
        </div>
    <!-- END ShelfDisplay.jsp --><!-- ********************* ZDAS ESpot Display Start ********************** -->
            <div class="section eSpotContainer bottomESpots">
                <!-- Left POD ESpot Name = Z:FOOD_CUPBOARD/Espot_Left -->
                <!-- START ZDASPODDisplay.jsp -->

<div id="sitecatalyst_ESPOT_NAME_Z:FOOD_CUPBOARD/Espot_Left" class="siteCatalystTag">Z:FOOD_CUPBOARD/Espot_Left</div>

<div class="es es-border-box" style="width: 100%; padding-left: 0px; padding-top: 0px; padding-right: 0px; padding-bottom: 0px; ">
<div class="es-border-box-100 " style="padding-left: 0px; padding-top: 0px; padding-right: 0px; padding-bottom: 0px; background-color: ; "><div class="es-border-box-100">


<style>
body#departmentPage div#main div#content div.aisle-dept-gol-es-hide-espot-left,
body#shelfPage div#main div#content div.aisle-dept-gol-es-hide-espot-left,
body#aislePage div#main div#content div.aisle-dept-gol-es-hide-espot-left{
display:none;}

</style>
</div></div>


<div class="aisle-dept-gol-es-hide-espot-left">


<div>

<div>

<div><div>
</div></div>
</div>
<div class="es es-border-box" style="width: 25%; height: 140px; padding-left: 0px; padding-right: 12px; padding-bottom: 15px; "><div class="es-border-box-100 " style="background-color: #930047; ">
<div class="es-border-box-100"><a href="/shop/gb/groceries/drinks/all-276103-44"><img style="position: absolute; top: 0px; left: 0px;" src="/wcassets/lunar/nav-tracking/tracking_zonepagename-nav-1.png" alt="Shop all coffee"></a></div>
<div class="es-border-box" style="width: 100%;height: 100%; position: absolute; left: 0px;bottom: 0px;opacity: 0; -ms-filter: progid:DXImageTransform.Microsoft.Alpha(0); filter: alpha(opacity=0);background-color: #CC0000; "></div>
<div class="es-border-box" style="width: 100%;height: 100%; position: absolute; left: 0px;bottom: 0px;padding-left: px; padding-top: 17px; padding-right: px; padding-bottom: px; "><div class="es-border-box" style="width: 100%; padding-top: px; "><div class="es-lunar">
<h3 style="color:#FFF">SEE ALL</h3>
<h4 style="color:#FFF;margin:14px 0">Coffee</h4>
<img style="margin:18px auto 0;display:table;" src="/wcassets/lunar/icons/navigation_underline.png" alt="" width="50" height="20">
</div></div></div>
</div></div>
<div class="es es-border-box" style="width: 25%; height: 140px; padding-left: 4px; padding-right: 8px; padding-bottom: 15px; "><div class="es-border-box-100 " style="background-color: #930047; ">
<div class="es-border-box-100"><a href="/shop/gb/groceries/food-cupboard/multipack-tuna"><img style="position: absolute; top: 0px; left: 0px;" src="/wcassets/lunar/nav-tracking/tracking_zonepagename-nav-2.png" alt="Shop multipack Tuna"></a></div>
<div class="es-border-box" style="width: 100%;height: 100%; position: absolute; left: 0px;bottom: 0px;opacity: 0; -ms-filter: progid:DXImageTransform.Microsoft.Alpha(0); filter: alpha(opacity=0);background-color: #CC0000; "></div>
<div class="es-border-box" style="width: 100%;height: 100%; position: absolute; left: 0px;bottom: 0px;padding-left: px; padding-top: 17px; padding-right: px; padding-bottom: px; "><div class="es-border-box" style="width: 100%; padding-top: px; "><div class="es-lunar">
<h3 style="color:#FFF">SEE ALL</h3>
<h4 style="color:#FFF;margin:14px 0">Canned tuna</h4>
<img style="margin:18px auto 0;display:table;" src="/wcassets/lunar/icons/navigation_underline.png" alt="" width="50" height="20">
</div></div></div>
</div></div>
<div class="es es-border-box" style="width: 25%; height: 140px; padding-left: 8px; padding-right: 4px; padding-bottom: 15px; "><div class="es-border-box-100 " style="background-color: #930047; ">
<div class="es-border-box-100"><a href="/shop/gb/groceries/food-cupboard/all-eggs"><img style="position: absolute; top: 0px; left: 0px;" src="/wcassets/lunar/nav-tracking/tracking_zonepagename-nav-3.png" alt="Shop all Easter eggs."></a></div>
<div class="es-border-box" style="width: 100%;height: 100%; position: absolute; left: 0px;bottom: 0px;opacity: 0; -ms-filter: progid:DXImageTransform.Microsoft.Alpha(0); filter: alpha(opacity=0);background-color: #CC0000; "></div>
<div class="es-border-box" style="width: 100%;height: 100%; position: absolute; left: 0px;bottom: 0px;padding-left: px; padding-top: 17px; padding-right: px; padding-bottom: px; "><div class="es-border-box" style="width: 100%; padding-top: px; "><div class="es-lunar">
<h3 style="color:#FFF">SEE ALL</h3>
<h4 style="color:#FFF;margin:14px 0">Easter eggs<br>
</h4>
<img style="margin:18px auto 0;display:table;" src="/wcassets/lunar/icons/navigation_underline.png" alt="" width="50" height="20">
</div></div></div>
</div></div>
<div class="es es-border-box" style="width: 25%; height: 140px; padding-left: 12px; padding-bottom: 15px; "><div class="es-border-box-100 " style="background-color: #930047; ">
<div class="es-border-box-100"><a href="/shop/gb/groceries/food-cupboard/baked-beans-canned-pasta"><img style="position: absolute; top: 0px; left: 0px;" src="/wcassets/lunar/nav-tracking/tracking_zonepagename-nav-4.png" alt="Shop all baked beans"></a></div>
<div class="es-border-box" style="width: 100%;height: 100%; position: absolute; left: 0px;bottom: 0px;opacity: 0; -ms-filter: progid:DXImageTransform.Microsoft.Alpha(0); filter: alpha(opacity=0);background-color: #CC0000; "></div>
<div class="es-border-box" style="width: 100%;height: 100%; position: absolute; left: 0px;bottom: 0px;padding-left: px; padding-top: 17px; padding-right: px; padding-bottom: px; "><div class="es-border-box" style="width: 100%; padding-top: px; "><div class="es-lunar">
<h3 style="color:#FFF">SEE ALL</h3>
<h4 style="color:#FFF;margin:14px 0">Baked beans</h4>
<img style="margin:18px auto 0;display:table;" src="/wcassets/lunar/icons/navigation_underline.png" alt="" width="50" height="20">
</div></div></div>
</div></div>
<div class="es es-border-box" style="width: 100%; height: 25px; padding-left: 0px; padding-top: 0px; padding-right: 0px; padding-bottom: 0px; "><div class="es-border-box-100 " style="padding-left: 0px; padding-top: 0px; padding-right: 0px; padding-bottom: 0px; background-color: ; "><div class="es-border-box-100"></div></div></div>
<div class="es es-border-box" style="width: 100%; height: 20px; padding-left: 0px; padding-top: 0px; padding-right: 0px; padding-bottom: 0px; "><div class="es-border-box-100 " style="padding-left: 0px; padding-top: 0px; padding-right: 0px; padding-bottom: 0px; background-color: ; "><div class="es-border-box-100"></div></div></div>
<div class="es es-border-box" style="width: 33.3%; height: 368px; padding-left: 0px; padding-right: 10px; padding-bottom: 15px; "><div suspendonhover="true" dojotype="dojox.widget.AutoRotator" transition="dojox.widget.rotator.crossFade" id="myAutoRotator1486143642363" class="es-border-box-100  es-grape-bg" duration="3000"><div class="es-border-box-100" style="left: 0px; top: 0px; position: absolute;">
<div class="es-border-box-100"><a href="/shop/gb/groceries/food-cupboard/healthier-snacks-12459-44"><img src="/wcassets/2016_2017/cycle_16_18_Jan/food_cupboard_ZLP/content_tile_1_healthy_snacks_272x353px.jpg" alt="Healthier Snacks."></a></div>
<div class="es-border-box es-white-bg" style="width: 100%; height: 130px; position: absolute; left: 0px; top: 223px; opacity: 1; -ms-filter: progid:DXImageTransform.Microsoft.Alpha(100); filter: alpha(opacity=100);"></div>
<div class="es-border-box" style="width: 100%; height: 130px; position: absolute; left: 0px; top: 223px; padding-left: 10px; padding-top: px; padding-right: 10px; padding-bottom: 10px; "><div class="es-border-box" style="width: 100%; padding-top: 5px; "><div class="es-lunar">
<h3 class="purple" style="margin-bottom:2px;">TOP PICK<br>
</h3>
<h4>Healthy snacks</h4>
<p style="margin-bottom:2px;">Lighter snacks for energy on the go</p>
<p><a class="lunar-text-link" href="/shop/gb/groceries/food-cupboard/healthier-snacks-12459-44">Buy now</a></p>
</div></div></div>
</div></div></div>
<div class="es es-border-box" style="width: 33.4%; height: 368px; padding-left: 5px; padding-right: 5px; padding-bottom: 15px; "><div suspendonhover="true" dojotype="dojox.widget.AutoRotator" transition="dojox.widget.rotator.crossFade" id="myAutoRotator1486143642364" class="es-border-box-100  es-grape-bg" duration="3000"><div class="es-border-box-100" style="left: 0px; top: 0px; position: absolute;">
<div class="es-border-box-100"><a href="/shop/gb/groceries/food-cupboard/food-cupboard-treat-size-sharing-eggs#langId=44&amp;storeId=10151&amp;categoryId=300005&amp;parent_category_rn=12422&amp;top_category=12422&amp;pageSize=30&amp;orderBy=SEQUENCING%7CFAVOURITES_ONLY%7CTOP_SELLERS&amp;searchTerm=&amp;beginIndex=0&amp;facet=4294966674"><img src="/wcassets/2016_2017/Cycle_18_22_Feb/content_tile_2_easter_eggs_272x353px.jpg" alt="Stock Up on easter essentails."></a></div>
<div class="es-border-box es-white-bg" style="width: 100%; height: 130px; position: absolute; left: 0px; top: 223px; opacity: 1; -ms-filter: progid:DXImageTransform.Microsoft.Alpha(100); filter: alpha(opacity=100);"></div>
<div class="es-border-box" style="width: 100%; height: 130px; position: absolute; left: 0px; top: 223px; padding-left: 10px; padding-top: px; padding-right: 10px; padding-bottom: 10px; "><div class="es-border-box" style="width: 100%; padding-top: 5px; "><div class="es-lunar">
<h3 class="purple" style="margin-bottom:2px;">TOP PICK<br>
</h3>
<h4>Easter treats<br>
</h4>
<p>Treat yourself to Cadbury's chocolate</p>
<p><a class="lunar-text-link" href="/shop/gb/groceries/food-cupboard/stock-up-the-cupboards">Buy now</a></p>
</div></div></div>
</div></div></div>
<div class="es es-border-box" style="width: 33.3%; height: 368px; padding-left: 10px; padding-bottom: 15px; "><div suspendonhover="true" dojotype="dojox.widget.AutoRotator" transition="dojox.widget.rotator.crossFade" id="myAutoRotator1486143642365" class="es-border-box-100  es-grape-bg" duration="3000"><div class="es-border-box-100" style="left: 0px; top: 0px; position: absolute;">
<div class="es-border-box-100"><a href="/shop/gb/groceries/food-cupboard/cooking-from-scratch-"><img src="/wcassets/2016_2017/Cycle_18_22_Feb/scratch_cooking_272x353px.jpg" alt="Scratch cooking. See all options."></a></div>
<div class="es-border-box es-white-bg" style="width: 100%; height: 130px; position: absolute; left: 0px; top: 223px; opacity: 1; -ms-filter: progid:DXImageTransform.Microsoft.Alpha(100); filter: alpha(opacity=100);"></div>
<div class="es-border-box" style="width: 100%; height: 130px; position: absolute; left: 0px; top: 223px; padding-left: 10px; padding-top: px; padding-right: 10px; padding-bottom: 10px; "><div class="es-border-box" style="width: 100%; padding-top: 5px; "><div class="es-lunar">
<h3 class="purple" style="margin-bottom:2px;">TOP PICK<br>
</h3>
<h4>Scratch cooking<br>
</h4>
<p style="margin-bottom:2px;">Make a meal you're proud of</p>
<p><a class="lunar-text-link" href="/shop/gb/groceries/food-cupboard/cooking-from-scratch-">Buy now</a></p>
</div></div></div>
</div></div></div>
<div class="es es-border-box" style="width: 100%; height: 40px; padding-left: 0px; padding-top: 0px; padding-right: 0px; padding-bottom: 0px; "><div class="es-border-box-100 " style="padding-left: 0px; padding-top: 0px; padding-right: 0px; padding-bottom: 0px; background-color: ; "><div class="es-border-box-100"></div></div></div>
<div class="es es-border-box" style="width: 100%; height: 265px; padding-bottom: 15px; "><div class="es-border-box-100  es-grape-bg">
<div class="es-border-box-100"><a href="/shop/PromotionDisplayView?=10070&amp;langId=44&amp;productId=89258&amp;storeId=10151&amp;promotionId=10230602"><img style="position: absolute; top: 0px; left: 0px;" src="/wcassets/2017_2018/cycle_01_15_mar/js_jacob_mini_cheddars_4.1.jpg" alt="Great offers on Jacob's Mini Cheddars. See all options."></a></div>
<div class="es-border-box" style="width: 100%; height: 100%;position: absolute; right: 0px; top: 0px; opacity: 0; -ms-filter: progid:DXImageTransform.Microsoft.Alpha(0); filter: alpha(opacity=0);background-color: #FF3300; "></div>
<div class="es-border-box" style="width: 100%; height: 100%;position: absolute; right: 0px;top: 0px;padding-left: 0px; padding-top: 60px; padding-right: px; padding-bottom: px; ">
<div class="es-border-box" style="width: 100%; padding-top: px; "><div class="es-lunar-banner-generic">
<div class="es-lunar">
<h3 class="large white">Only £2<br>
</h3>
<p class="white">Mini Cheddars multipacks Perfect for lunchboxes</p>
<a class="btn" style="margin-top:40px;" href="/shop/gb/groceries/SearchDisplayView?msg=&amp;catalogId=10241&amp;langId=44&amp;storeId=10151&amp;krypto=ZioDuDZ8P5G1fA6%2ByfuFUylfq1raJv%2Fblmq1uhthDQiEoIleEFqmwpwoTH6QzMCwOWKeymKr13N9DHUHHB0i6HGs%2FS6xLiIPSi7BW9ZCRr2CJxj2tWT6pFSfduLB4EODwb4ChtrBCEenwtgb6D7BUjwPbUmQO8RxxmBUxEGrDmYEY2NTx0aHVQOH5o%2FpXSk93dypQ0R7Tyc9wLURFNS3zw%3D%3D#langId=44&amp;storeId=10151&amp;categoryId=&amp;parent_category_rn=&amp;top_category=&amp;pageSize=30&amp;orderBy=RELEVANCE&amp;searchTerm=Hula%20Hoops.&amp;beginIndex=0&amp;categoryFacetId1=&amp;facet=88">Shop now</a>
</div>
</div></div>
<div class="es-border-box" style="width: 100%; padding-top: px; "><a style="padding-right: 5px" class="es-promotion-image-link" href="www.sainsburys.co.uk"><img style="padding-right: 5px;" src="/wcassets/groceries/images/samples/component/promotion/skin_1b_inline.png" alt="Lorem ipsum dolor 2"></a></div>
</div>
</div></div>
<div class="es es-border-box" style="width: 100%; height: 20px; padding-left: 0px; padding-top: 0px; padding-right: 0px; padding-bottom: 0px; "><div class="es-border-box-100 " style="padding-left: 0px; padding-top: 0px; padding-right: 0px; padding-bottom: 0px; background-color: ; "><div class="es-border-box-100"></div></div></div>
<div class="es es-border-box" style="width: 100%; height: 20px; padding-left: 0px; padding-top: 0px; padding-right: 0px; padding-bottom: 0px; "><div class="es-border-box-100 " style="padding-left: 0px; padding-top: 0px; padding-right: 0px; padding-bottom: 0px; background-color: ; "><div class="es-border-box-100"></div></div></div>
<div class="es es-border-box" style="width: 100%; height: 0px; padding-left: 0px; padding-top: 0px; padding-right: 0px; padding-bottom: 0px; ">
<div class="es-border-box-100 " style="padding-left: 0px; padding-top: 0px; padding-right: 0px; padding-bottom: 0px; background-color: #FF3300; "><div class="es-border-box-100"></div></div>

</div>
</div>
</div>

<div><div>

</div></div>
</div>
<!-- end of if empty marketingSpotDatas loop--><!-- END ZDASPODDisplay.jsp -->
             </div>   
             
              
                
              <div class="section eSpotContainer bottomESpots">   
	                <!--  Middle POD Espot Name = Z:FOOD_CUPBOARD/D:FRUIT_AND_DESSERTS/Espot_Middle -->
	                      <!-- START ZDASPODDisplay.jsp -->

<div id="sitecatalyst_ESPOT_NAME_Z:FOOD_CUPBOARD/D:FRUIT_AND_DESSERTS/Espot_Middle" class="siteCatalystTag">Z:FOOD_CUPBOARD/D:FRUIT_AND_DESSERTS/Espot_Middle</div>

<div class="es es-border-box" style="width: 100%; height: 150px; padding-bottom: 15px; "><div suspendonhover="true" dojotype="dojox.widget.AutoRotator" transition="dojox.widget.rotator.crossFade" id="myAutoRotator1486143647957" class="es-border-box-100  es-transparent-bg" duration=""><div class="es-border-box-100" style="left: 0px; top: 0px; position: absolute;">
<div class="es-border-box-100"><a href="/shop/gb/groceries/meringues-bases/sainsburys-meringue-nests--taste-the-difference-108g-x8"><img src="/wcassets/2017_2018/cycle_01_15_mar/js_nfttdmeringuenests_847x135.jpg" alt="Great price on Taste the Difference meringues eight pack. See more."></a></div>
<div class="es-border-box es-white-bg" style="width: 168px; height: 155px; position: absolute; left: 0px; top: 0px; opacity: 1; -ms-filter: progid:DXImageTransform.Microsoft.Alpha(100); filter: alpha(opacity=100);"></div>
<div class="es-border-box" style="width: 168px; height: 155px; position: absolute; left: 0px; top: 0px; padding-left: 15px; padding-top: 10px; padding-right: 15px; padding-bottom: 15px; ">
<div class="es-border-box" style="width: 100%; padding-top: px; "><h3>Meringue nests</h3></div>
<div style="width: 100%; padding-top: px; " class="es-border-box"><p>Top our Taste the Difference meringues x8 with berries and a dollop of cream</p></div>
</div>
</div></div></div>
<!-- end of if empty marketingSpotDatas loop--><!-- END ZDASPODDisplay.jsp --><!--  Right POD Espot Name = Z_Default_Espot_Content-->
	                      <!-- START ZDASPODDisplay.jsp -->

<div id="sitecatalyst_ESPOT_NAME_Z_Default_Espot_Content" class="siteCatalystTag">Z_Default_Espot_Content</div>

<!-- end of if empty marketingSpotDatas loop--><!-- END ZDASPODDisplay.jsp -->
                </div>
            <!-- ********************* ZDAS ESpot Display End ********************** -->
        </div>
        <!-- content End --><!-- auxiliary Start -->
        <div class="aside" id="auxiliary">
            <!-- BEGIN RightHandSide.jspf -->
<div id="auxiliaryDock">
    <!-- BEGIN RightHandSide.jsp -->

<div class="panel loginPanel">
	
    <div id="sitecatalyst_ESPOT_NAME_NZ_Welcome_Back_RHS_Espot" class="siteCatalystTag">NZ_Welcome_Back_RHS_Espot</div>

                    
	<h2>Already a customer?</h2>
    <form name="signIn" method="post" action="LogonView" id="Rhs_signIn">
        <input type="hidden" name="storeId" value="10151"><input type="hidden" name="langId" value="44"><input type="hidden" name="catalogId" value="10241"><input type="hidden" name="URL" value="http://www.sainsburys.co.uk/webapp/wcs/stores/servlet/CategoryDisplay?msg=&amp;langId=44&amp;storeId=10151&amp;krypto=vuAEiKPomv7LzzLk%2BVntwQI2vl4izu3clBqtkogv%2FZwrj4R8b2ZBCcL%2FQrlnn9saozDy8%2BJU2ynokAemMRBdS7GrI2CqTp6A3bMlXAkKGxVQCgRnSG1cBngQPy4ef65F8l4za2td9XxrYOb5hBqGAS13oXOAdUHexP8bwEcfb5g%3D&amp;ddkey=http%3Agb%2Fgroceries%2Ffood-cupboard%2Fsnacking-fruit-nuts"><input type="hidden" name="logonCallerId" value="LogonButton"><input type="hidden" name="errorViewName" value="CategoryDisplayView"><input class="button process" type="submit" value="Log in">
</form>
    
	<div class="panelFooter">
		<p class="register">Not yet registered? 
		<a class="callToAction" name="register" href="http://www.sainsburys.co.uk/shop/PostcodeCheckView?catalogId=10122&amp;currentPageUrl=http%3A%2F%2Fwww.sainsburys.co.uk%2Fwebapp%2Fwcs%2Fstores%2Fservlet%2FCategoryDisplay%3Fmsg%3D%26langId%3D44%26storeId%3D10151%26krypto%3DvuAEiKPomv7LzzLk%252BVntwQI2vl4izu3clBqtkogv%252FZwrj4R8b2ZBCcL%252FQrlnn9saozDy8%252BJU2ynokAemMRBdS7GrI2CqTp6A3bMlXAkKGxVQCgRnSG1cBngQPy4ef65F8l4za2td9XxrYOb5hBqGAS13oXOAdUHexP8bwEcfb5g%253D%26ddkey%3Dhttp%253Agb%252Fgroceries%252Ffood-cupboard%252Fsnacking-fruit-nuts&amp;langId=44&amp;storeId=10151"> Register Now</a></p>
	</div>
</div>
<div class="panel imagePanel checkPostCodePanel" id="checkPostCodePanel">
	
    <div id="sitecatalyst_ESPOT_NAME_NZ_Do_We_Deliver_To_You_Espot" class="siteCatalystTag">NZ_Do_We_Deliver_To_You_Espot</div>

        <h2>New customer?</h2>
    

    <p>Enter your postcode to check we deliver in your area.</p>
    
    
      <div id="PostCodeMessageArea" class="errorMessage" style="display:none;">
      </div>
    
	<form name="CheckPostCode" method="post" action="/webapp/wcs/stores/servlet/CheckPostCode" id="Rhs_checkPostCode">
		<input type="hidden" name="langId" value="44"><input type="hidden" name="storeId" value="10151"><input type="hidden" name="currentPageUrl" value="http://www.sainsburys.co.uk/webapp/wcs/stores/servlet/CategoryDisplay?msg=&amp;langId=44&amp;storeId=10151&amp;krypto=vuAEiKPomv7LzzLk%2BVntwQI2vl4izu3clBqtkogv%2FZwrj4R8b2ZBCcL%2FQrlnn9saozDy8%2BJU2ynokAemMRBdS7GrI2CqTp6A3bMlXAkKGxVQCgRnSG1cBngQPy4ef65F8l4za2td9XxrYOb5hBqGAS13oXOAdUHexP8bwEcfb5g%3D&amp;ddkey=http%3Agb%2Fgroceries%2Ffood-cupboard%2Fsnacking-fruit-nuts"><input type="hidden" name="currentViewName" value="CategoryDisplayView"><input type="hidden" name="messageAreaId" value="PostCodeMessageArea"><div class="field">
			<div class="indicator">
				<label class="access" for="postCode">Postcode</label>
			</div>
			<div class="input">
				<input type="text" name="postCode" id="postCode" maxlength="8" value="">
</div>
		</div>
		<div class="actions">
			<input class="button primary process" type="submit" value="Check postcode">
</div>      
	</form>
</div>
<!-- END RightHandSide.jsp --><!-- BEGIN MiniShopCartDisplay.jsp --><!-- If we get here from a generic error this service will fail so we need to catch the exception -->
		<div class="panel infoPanel">
			<span class="icon infoIcon"></span>
		   	<h2>Important Information</h2>
			<p>Alcohol promotions available to online customers serviced from our Scottish stores may differ from those shown when browsing our site. Please log in to see the full range of promotions available to you.</p>
		</div>
	<!-- END MiniShopCartDisplay.jsp -->
</div>
<!-- END RightHandSide.jspf -->
        </div>
        <!-- auxiliary End -->
    </div>
    <!-- Main Area End --><!-- Footer Start --><!-- BEGIN LayoutContainerBottom.jspf --><!-- BEGIN FooterDisplay.jspf -->


<div id="globalFooter" class="footer">
    <ul>
<li><a href="http://www.sainsburys.co.uk/privacy">Privacy policy</a></li>
	<li><a href="http://www.sainsburys.co.uk/cookies">Cookie policy</a></li>
	<li><a href="http://www.sainsburys.co.uk/terms">Terms &amp; conditions</a></li>
	<li><a href="http://www.sainsburys.co.uk/accessibility">Accessibility</a></li>
	<li><a href="http://help.sainsburys.co.uk/" rel="external" target="_blank" title="Opens in new window">Help Centre<span class="access"> (opens in a new window/tab)</span></a></li>
	<li><a href="http://help.sainsburys.co.uk/help/how_to_contact_us">Contact us</a></li>
	<li><a href="/webapp/wcs/stores/servlet/DeviceOverride?deviceId=-21&amp;langId=44&amp;storeId=10151">Mobile</a></li>
</ul>
</div>

<!-- END FooterDisplay.jspf --><!-- END LayoutContainerBottom.jspf --><!-- Footer Start End -->
    </div>
    <!--// End #page  --><!-- Bright Tagger start -->

	<div id="sitecatalyst_ws" class="siteCatalystTag"></div>
	
    <script type="text/javascript">
        var brightTagStAccount = 'sp0XdVN';
    </script><noscript>
        &lt;iframe src="//s.thebrighttag.com/iframe?c=sp0XdVN" width="1" height="1" frameborder="0" scrolling="no" marginheight="0" marginwidth="0"&gt;&lt;/iframe&gt;
    </noscript>
<!-- Bright Tagger End -->
 <script type="text/javascript">
 (function(){
 
    
    
        digitalData.page = {pageInfo:{},events:[]}; //If there is no event then create an event array
    
        var pageName = '' ? document.body.id+':':document.body.id; digitalData.page.pageInfo.pageName =pageName;
        var breadCrumb = document.querySelectorAll('#breadcrumbNavList > li > a,#breadcrumbNavList > li > strong,#breadcrumbNavList > li > span > strong');
        var element = [];
        for (var i=0,il=breadCrumb.length; i<il; i++) {
            element.push(breadCrumb[i].textContent.trim());
        }
        var bElement = element ? element.join('::'):'';
        
    
                if (bElement.length > 0 && bElement.trim()) { 
                    digitalData.page.pageInfo.breadCrumbs = 'Groceries::' + bElement;
                }
        

    var messagesDD;
    
    
	    digitalData.user = {
	        profile : {
	            profileInfo : {
	                websphereId : '',
	                deliveryPostcode: '',
	                deliveryStoreId: '',
	                deliverySlot: '',
	                deliveryCost: '',
	                deliveryOption: '',
	                deliveryType: '',
	                shoppingmode: '',
	                isSameDay: '',
	                blueMartini:''
	            }
	        } 
	    };
    
        
})();
</script><!-- END CategoriesDisplay.jsp --><div class="tooltip" id="JSTooltip" style="position: absolute; left: -999px; top: -999px;"><div class="tooltipInner">
<a href="#" class="closeTooltip" id="JSTooltipClose">Close<span class="access"> this tooltip and return to the page</span></a><div class="tooltipText" id="JSTooltipText"></div>
<div class="tooltipArrow" id="JSTooltipArrow"></div>
</div></div>
<!-- ClickTale Bottom part -->

<!-- ClickTale end of Bottom part --><script type="text/javascript" src="http://cdn.clicktale.net/www16/ptc/5ea22b8e-c62f-443c-a41b-bb50b30c6fc6.js"></script><script type="text/javascript">// Copyright 2006-2017 ClickTale Ltd., US Patent Pending
// PID: 194
// WR destination: www16
// WR version: latest
// Recording ratio: 0.1
// Generated on: 3/19/2017 2:35:39 PM (UTC 3/19/2017 7:35:39 PM)
(function (){
	var dependencyCallback;
        var scriptSyncTokens = ["wr"];
        var ct2Callback, isRecorderReady;
    var dependencies = scriptSyncTokens.slice(0);
    var clickTaleOnReadyList = window.ClickTaleOnReadyList || (window.ClickTaleOnReadyList = []);
    var indexOf = (function(){if(Array.prototype.indexOf){return function(array,value){return array.indexOf(value)}}return function(array,value){var length=array.length;for(var i=0;i<length;i++){if(array[i]===value){return i}}return -1}})();
    function isValidToken(token) {
        if (indexOf(scriptSyncTokens, token) > -1) {
            var index = indexOf(dependencies, token);

            if (index > -1) {
                dependencies.splice(index, 1);
                return true;
            }
        }

        return false;
    }

    clickTaleOnReadyList.push(function () {
        if (ct2Callback) {
            ct2Callback();
        }

        isRecorderReady = true;
    });

    window.ClickTaleGlobal = window.ClickTaleGlobal || {};
    ClickTaleGlobal.scripts = ClickTaleGlobal.scripts || {};
    ClickTaleGlobal.scripts.dependencies = {
        setDependencies: function (deps) {
            scriptSyncTokens = deps;
        },
        onDependencyResolved: function (callback) {
            dependencyCallback = callback;
        },
        notifyScriptLoaded: function (token) {
            if (isValidToken(token)) {
                if (dependencies.length === 0 && typeof dependencyCallback === "function") {
                    dependencyCallback();
                }
            }
        }
    };

    ClickTaleGlobal.scripts.integration = {
        onReady: function (callback) {
            if (isRecorderReady) {
                callback();
            }
            else {
                ct2Callback = callback;
            }
        }
    };
})();




function ClickTaleCDNHTTPSRewrite(u)
{
	try
	{
		var scripts = document.getElementsByTagName('script');
		if(scripts.length)
		{
			var script = scripts[ scripts.length - 1 ], s='https://clicktalecdn.sslcs.cdngc.net/';
			if(script.src && script.src.substr(0,s.length)==s )
				return u.replace('https://cdnssl.clicktale.net/',s);
		}
	}
	catch(e)
	{
	}
	return u;
} 

window.ClickTaleIsXHTMLCompliant = true;
if (typeof (ClickTaleCreateDOMElement) != "function")
{
	ClickTaleCreateDOMElement = function(tagName)
	{
		if (document.createElementNS)
		{
			return document.createElementNS('http://www.w3.org/1999/xhtml', tagName);
		}
		return document.createElement(tagName);
	}
}

if (typeof (ClickTaleAppendInHead) != "function")
{
	ClickTaleAppendInHead = function(element)
	{
		var parent = document.getElementsByTagName('head').item(0) || document.documentElement;
		parent.appendChild(element);
	}
}

if (typeof (ClickTaleXHTMLCompliantScriptTagCreate) != "function")
{
	ClickTaleXHTMLCompliantScriptTagCreate = function(code)
	{
		var script = ClickTaleCreateDOMElement('script');
		script.setAttribute("type", "text/javascript");
		script.text = code;
		return script;
	}
}	

var pccScriptElement = ClickTaleCreateDOMElement('script');
pccScriptElement.type = "text/javascript";
pccScriptElement.src = (document.location.protocol=='https:'?
ClickTaleCDNHTTPSRewrite('https://cdnssl.clicktale.net/www16/pcc/5ea22b8e-c62f-443c-a41b-bb50b30c6fc6.js?DeploymentConfigName=Release_20170316&Version=2'):
'http://cdn.clicktale.net/www16/pcc/5ea22b8e-c62f-443c-a41b-bb50b30c6fc6.js?DeploymentConfigName=Release_20170316&Version=2');
ClickTaleGlobal.init.isAllowed && document.body.appendChild(pccScriptElement);
	
if (typeof window.ClickTaleScriptSource == 'undefined') {
	window.ClickTaleScriptSource=(document.location.protocol=='https:'
		?ClickTaleCDNHTTPSRewrite('https://cdnssl.clicktale.net/www/')
		:'http://cdn.clicktale.net/www/');
}


// Start of user-defined pre WR code (PreLoad)
!function() { function ClickTaleMonitorSettings() { this.started = !1, this.stopCallbacks = [], this.readyCallbacks = [], this.startCallbacks = [] } function createElement(t) { if (document.documentElement.namespaceURI) try { return document.createElementNS("http://www.w3.org/1999/xhtml", t) } catch (t) {} return document.createElement(t) } function createMonitorScript(t) { var n, i; (i = document.body || document.head) && (n = createElement("script"), n.src = t, n.async = !0, n.type = "text/javascript", i.appendChild(n)) } function invokeMonitor(t, n) { var i = ClickTaleMonitorSettings.instance; if (i && i.monitor) return i.monitor[t].apply(i.monitor, n) } if (ClickTaleMonitorSettings.onReady = function(t, n) { for (var i, o = ClickTaleMonitorSettings.get(), e = o.readyCallbacks, c = e.length, r = 0; r < c; r++) e[r](); ClickTaleMonitor.Settings.get().configure({ transport: { url: "https://ir-conductor.clicktale.net/monitor" } }); o.started || (i = new ClickTaleMonitor.App(114,function(t) { o.started = !0, o.addApplication(t), o.startCallbacks.forEach(function(t) { t() }) } ,t,n), i.onStop(function(t) { o && (o.stopCallbacks.forEach(function(t) { t() }), ClickTaleMonitorSettings.instance = void 0) })) } , ClickTaleMonitorSettings.prototype.addApplication = function(t) { this.monitor = t } , ClickTaleMonitorSettings.prototype.configure = function(t) { this.config = t } , ClickTaleMonitorSettings.prototype.onStart = function(t) { this.monitor && this.monitor.isMonitoring() ? t() : this.startCallbacks.push(t) } , ClickTaleMonitorSettings.prototype.onStop = function(t) { this.stopCallbacks.push(t) } , ClickTaleMonitorSettings.prototype.onReady = function(t) { this.readyCallbacks.push(t) } , ClickTaleMonitorSettings.get = function() { return ClickTaleMonitorSettings.instance || (ClickTaleMonitorSettings.instance = new ClickTaleMonitorSettings) } , Object.defineProperty) try { Object.defineProperty(ClickTaleMonitorSettings, "config", { get: function() { return ClickTaleMonitorSettings.instance ? ClickTaleMonitorSettings.instance.config : null }, enumerable: !0, configurable: !0 }) } catch (t) {} window.ClickTaleMonitor = { stop: function() { invokeMonitor("dispose") }, restart: function(t, n) { ClickTaleMonitor.stop(), ClickTaleMonitorSettings.onReady(t, n) }, shutdown: function() { invokeMonitor("shutdown") }, addEvent: function(t) { invokeMonitor("addEvent", [t]) }, isMonitoring: function() { return !!invokeMonitor("isMonitoring") }, Settings: ClickTaleMonitorSettings }, createMonitorScript("https://cdna.clicktale.net/www/tc/monitor-1.3.9.js"); }();

//PTC Code Version 7

window.ClickTaleSettings = window.ClickTaleSettings || {};
window.ClickTaleSettings.PTC = window.ClickTaleSettings.PTC || {};
//set the following property only when there are No Load errors in recordings
//window.ClickTaleIncludedOnWindowLoad = true;
//Remove the next line if not using XHTML compliant configuration.
window.ClickTaleIncludedOnDOMReady = true;
window.ClickTaleSettings.PTC.EnableChangeMonitor = false;
window.ClickTaleSettings.PTC.UseTransport = true;
window.ClickTaleUIDCookieName = 'WRUIDAWS';

function deleteIrrelevantUIDCookies(relevant) {
    var cookieArray = document.cookie.replace(/\s+/g, '').split(";");
    var hostArray = location.host.split('.');
    var topDom = (hostArray.length <= 2 ? location.host : hostArray.slice(1).join('.'));
    for (var i = 0; i < cookieArray.length; i++) {
        var currentCookie = cookieArray[i];
        var cookieKey = currentCookie.substring(0, currentCookie.indexOf('='));
        if (cookieKey.indexOf('WRUID') > -1 && relevant.indexOf(cookieKey) == -1) {
            document.cookie = cookieKey + "='';domain=." + topDom + ";path=/;expires=Thu, 01-Jan-1970 00:00:01 GMT;";
            document.cookie = cookieKey + "='';path=/;expires=Thu, 01-Jan-1970 00:00:01 GMT;";
        }
    }
}
deleteIrrelevantUIDCookies([window.ClickTaleUIDCookieName]);

window.ClickTaleSettings.CheckAgentSupport = function (f, v) {
    if (v.t == v.IE && v.v <= 8) {
        window.ClickTaleSettings.PTC.okToRunPCC = false;
        return false;
    }
    else {
        if (!(v.t == v.IE && v.v <= 10)) {
            window.ClickTaleSettings.PTC.EnableChangeMonitor = true;
            window.ClickTaleSettings.PTC.ConfigChangeMonitor();
        }
        var fv = f(v);
        window.ClickTaleSettings.PTC.okToRunPCC = fv;
        mobileFlagForReWriteRules = false;
        if (v.m) {
            mobileFlagForReWriteRules = true;
        }
        return fv;

    }
};
window.ClickTaleSettings.Persistence = {
    EnableStorage: true,
    EnableStreams: true,
    EnableDispatch: true,
    AutoDispatch: true, //v.15.2 and above; default is true, when false message will be dispatched when calling ClickTaleDispatchPersistedMessages -
    Providers: ["hybrid"] //v.15.2 and above; can also be: "indexedDB" or "localStorage"
};

window.ClickTaleSettings.Protocol = {
    Method: "ImpactRecorder"
};

window.ClickTaleSettings.Proxy = {
    WR: "ir-ing-district.clicktale.net/ctn_v2/",
    ImageFlag: "ir-ing-district.clicktale.net/ctn_v2/"
};

window.ClickTaleSettings.PTC.RulesObj = [{
    selector: "input[type=\"text\"], input[type=\"tel\"], input[type=\"email\"]",
    changeMon: {
        Attributes: ['value'],
        Text: false
    },
    rewriteApi: {
        Attributes: ['value'],
        Text: false
    }
}, {
    selector: ".orderDetail div.adr>div,.orderDetail dd.noMargin,.orderDetail dd:last-child,table.checkout tr:last-child a , a.loggedInContactName,.hello strong,.adr .street-address,.adr .region,.adr .postal-code",
    changeMon: {
        Attributes: false,
        Text: true
    },
    rewriteApi: {
        Attributes: false,
        Text: true
    }
}, {
    selector: ".orderNumber+.orderSummary dt",
    changeMon: {
        Attributes: false,
        Text: true
    },
    rewriteApi: {
        Attributes: false,
        Text: true
    },
    location: {
        prop: 'pathname',
        search: /\/sol\/my_account\/(scheduled|previous)_orders\.jsp/i
    }
}, {
    selector: "table.orders>tbody>tr>td:first-child",
    changeMon: {
        Attributes: false,
        Text: true
    },
    rewriteApi: {
        Attributes: false,
        Text: true
    },
    location: {
        prop: 'pathname',
        search: /\/sol\/my_account\/myorders\.jsp/i
    }
}];

window.ClickTaleSettings.PTC.RulesObjRemoveEls = [
];

; (function () {
    if (typeof window.ClickTalePIISelector === 'string' && window.ClickTalePIISelector != '') {
        try {
            var domNodes = document.querySelectorAll(window.ClickTalePIISelector);
            if (domNodes) {
                window.ClickTaleSettings.PTC.RulesObj.push({
                    selector: window.ClickTalePIISelector,
                    changeMon: {
                        Attributes: ['value'],
                        Text: true
                    },
                    rewriteApi: {
                        Attributes: ['value'],
                        Text: true
                    }
                });
            }
        }
        catch (err) {
        }
    }
})();

window.ClickTaleSettings.PTC.cloneNodeIE9 = function (node) {
    var clone = node.nodeType === 3 ? document.createTextNode(node.nodeValue) : node.cloneNode(false);

    var child = node.firstChild;
    while (child) {
        if (child.nodeName !== 'SCRIPT') {
            clone.appendChild(window.ClickTaleSettings.PTC.cloneNodeIE9(child));
        }
        else {
            var script = document.createElement('script');
            clone.appendChild(script);
        }
        child = child.nextSibling;
    }

    return clone;
};

window.ClickTaleSettings.PTC.ConfigChangeMonitor = function () {

    if (window.ClickTaleSettings.PTC.EnableChangeMonitor) {
        window.ClickTaleSettings.XHRWrapper = {
            Enable: false
        };

        var script = document.createElement("SCRIPT");
        script.src = (document.location.protocol === "https:" ? "https://cdnssl." : "http://cdn.") + "clicktale.net/www/ChangeMonitor-latest.js";
        document.body.appendChild(script);

        window.ClickTaleSettings.ChangeMonitor = {
            Enable: true,
            LiveExclude: true,
            AddressingMode: "id",
            OnReadyHandler: function (changeMonitor) {
                changeMonitor.observe();
            },
            OnBeforeReadyHandler: function (settings) {
                settings.Enable = window.ClickTaleGetUID ? !!ClickTaleGetUID() : false;
                return settings;
            },
            PII: {
                Text: [
                    {
                        selector: ".infoTable tbody tr td",
                        transform: function (el) {
                            var newParentNode = el;
                            var counter = 0
                            var needToMask = false;
                            var text = el.textContent;

                            while (newParentNode.nodeName.toLowerCase() != 'tr' && newParentNode.nodeName.toLowerCase() != 'body' && counter < 7) {
                                counter++;
                                if (newParentNode.parentNode) {
                                    newParentNode = newParentNode.parentNode;
                                }
                            }
                            if (newParentNode.nodeName.toLowerCase() == 'tr') {
                                if (newParentNode.textContent.toLowerCase().indexOf('delivery address') > -1) {
                                    needToMask = true;
                                }
                            }

                            if (needToMask) {
                                return text.replace(/\w/g, '-');
                            }
                            else {
                                return text;
                            }
                        }
                    },
					{
					    selector: ".addressList li", // Masking changes that happen to reserved delivery time and address box when changing delivery slot
					    transform: function (el) {
					        return "-------";
					    }
					},
                    {
                        selector: "select#Shipping_selectAddress option", // Masking changes that happen to shiping select address
                        transform: function (el) {
                            var text = el.textContent;
                            return text.replace(/\w/g, '-');
                        }
                    },
                    {
                        selector: 'select[name="listOfPaymentInstructions"] option', // Masking changes that happen to list Of Payment Instructions
                        transform: function (el) {
                            var text = el.textContent;
                            return text.replace(/\w/g, '-');
                        }
                    }
                    ,
                    {
                        selector: 'span.postcode', // Masking changes that happen to postcode when the popup appear
                        transform: function (el) {
                            var text = el.textContent;
                            return text.replace(/\w/g, '-');
                        }
                    }
                ],
                Attribute: [
                    {
                        selector: "select#expiryMonth option",
                        transform: function (el) {
                            var attrs = el.attributes;
                            var attrsToReturn = {}
                            for (var i = 0; i < attrs.length; i++) {
                                var name = attrs[i].nodeName;
                                attrsToReturn[name] = attrs[i].nodeValue;
                            }
                            attrsToReturn['value'] = '--';
                            return attrsToReturn;
                        }
                    },
                    {
                        selector: "select#expiryYear option",
                        transform: function (el) {
                            var attrs = el.attributes;
                            var attrsToReturn = {}
                            for (var i = 0; i < attrs.length; i++) {
                                var name = attrs[i].nodeName;
                                attrsToReturn[name] = attrs[i].nodeValue;
                            }
                            attrsToReturn['value'] = '--';
                            return attrsToReturn;
                        }
                    },
                    {
                        selector: "select#Billing_selectAddress option",
                        transform: function (el) {
                            var attrs = el.attributes;
                            var attrsToReturn = {}
                            for (var i = 0; i < attrs.length; i++) {
                                var name = attrs[i].nodeName;
                                attrsToReturn[name] = attrs[i].nodeValue;
                            }
                            attrsToReturn['value'] = '---------------';
                            return attrsToReturn;
                        }
                    }
                ]
            },
            Filters: {
                MaxBufferSize: 1500000,
                MaxElementCount: 30000,
                Before: [function (mutations) {
                    if (typeof ClickTaleSettings.PTC.CMBeforeFilter === 'function') {
                        return ClickTaleSettings.PTC.CMBeforeFilter(mutations);
                    }
                    return true;
                }
                ]
            }
        }
        var RulesObj = window.ClickTaleSettings.PTC.RulesObj;
        if (RulesObj) {
            window.ClickTaleSettings.ChangeMonitor.PII.Text = window.ClickTaleSettings.ChangeMonitor.PII.Text || [];
            window.ClickTaleSettings.ChangeMonitor.PII.Attributes = window.ClickTaleSettings.ChangeMonitor.PII.Attributes || [];
            for (var i = 0; i < RulesObj.length; i++) {
                var CMrule = RulesObj[i]['changeMon'];
                var CMlocation = RulesObj[i]['location'];
                if (!CMrule || (CMlocation && document.location[CMlocation['prop']].toLowerCase().search(CMlocation.search) === -1)) {
                    continue;
                }
                var selector = RulesObj[i]['selector'];
                var attributesArr = CMrule.Attributes;
                if (attributesArr instanceof Array) {
                    for (var u = 0; u < attributesArr.length; u++) {
                        var attr = attributesArr[u];
                        window.ClickTaleSettings.ChangeMonitor.PII.Attributes.push({
                            selector: selector,
                            transform: (function (attr) {
                                return function (el) {
                                    var attrs = el.attributes;
                                    var attrsToReturn = {}
                                    for (var i = 0; i < attrs.length; i++) {
                                        var name = attrs[i].nodeName;
                                        attrsToReturn[name] = attrs[i].nodeValue;
                                    }
                                    var attrib = el.getAttribute(attr);;
                                    if (typeof attrib === 'string') {
                                        attrsToReturn[attr] = attrib.replace(/\w/g, '-');
                                    }
                                    return attrsToReturn;
                                }
                            })(attr)
                        });
                    }
                }
                if (CMrule.Text) {
                    window.ClickTaleSettings.ChangeMonitor.PII.Text.push({
                        selector: selector,
                        transform: function (el) {
                            return el.textContent.replace(/\w/g, '-');
                        }
                    });
                }
            }
        }
    }
};

window.ClickTaleSettings.Compression = {
    Method: function () {
        return "deflate";
    }
};

window.ClickTaleSettings.Transport = {
    Legacy: false,
    MaxConcurrentRequests: 5
};

window.ClickTaleSettings.RewriteRules = {
    OnBeforeRewrite: function (rewriteApi) {
        var bodyClone = ((document.documentMode && document.documentMode <= 9) ? ClickTaleSettings.PTC.cloneNodeIE9(document.documentElement) : document.documentElement.cloneNode(true));

        if (window.ClickTaleSettings.PTC.RulesObj) {
            rewriteApi.add(function (buffer) {


                var RulesObj = window.ClickTaleSettings.PTC.RulesObj;
                for (var i = 0; i < RulesObj.length; i++) {
                    var rewriteApirule = RulesObj[i]['rewriteApi'];
                    var rewriteApilocation = RulesObj[i]['location'];
                    if (!rewriteApirule || (rewriteApilocation && document.location[rewriteApilocation['prop']].toLowerCase().search(rewriteApilocation.search) === -1)) {
                        continue;
                    }
                    var selector = RulesObj[i]['selector'];
                    var elements = bodyClone.querySelectorAll(selector);

                    Array.prototype.forEach.call(elements, function (el, ind) {
                        var attributesArr = rewriteApirule.Attributes;
                        if (attributesArr instanceof Array) {

                            for (var u = 0; u < attributesArr.length; u++) {
                                var attr = attributesArr[u];
                                var attrib = el.getAttribute(attr);
                                if (typeof attrib === 'string') {
                                    el.setAttribute(attr, attrib.replace(/\w/g, '-'));
                                }
                            }

                        }
                        if (rewriteApirule.Text) {
                            var children = el.childNodes;
                            Array.prototype.forEach.call(children, function (child) {
                                if (child && child.nodeType === 3) {
                                    child.textContent = child.textContent.replace(/\w/g, '-');
                                }
                            });
                        }
                    });
                }

                //work on body
                var RulesObjRemoveEls = window.ClickTaleSettings.PTC.RulesObjRemoveEls;
                if (RulesObjRemoveEls) {
                    for (var i = 0; i < RulesObjRemoveEls.length; i++) {
                        if (RulesObjRemoveEls[i].rewriteApi) {
                            var elementsToRemove = bodyClone.querySelectorAll(RulesObjRemoveEls[i].rewriteApi);
                            Array.prototype.forEach.call(elementsToRemove, function (el, ind) {
                                if (el.parentNode) {
                                    el.parentNode.removeChild(el);
                                }
                            });
                        }
                        if (RulesObjRemoveEls[i].rewriteApiReplace) {
                            var elementsToReplace = bodyClone.querySelectorAll(RulesObjRemoveEls[i].rewriteApiReplace);
                            Array.prototype.forEach.call(elementsToReplace, function (el, ind) {
                                if (el.parentNode) {
                                    var comment = document.createComment(el.outerHTML);
                                    el.parentNode.replaceChild(comment, el);
                                }
                            });
                        }
                    }
                }

                buffer = buffer.replace(/(<body[^>]*>)[\s\S]*?<\/body>/gi, function (m, g1) {
                    if (g1) {
                        return g1 + bodyClone.innerHTML.replace(/<script\b([^>]*)>([\s\S]*?)<\/script>/gi, '<script><\/script>').replace(/(<div id="?ClickTaleDiv"?[^>]+>)\s*<script[^>]+><\/script>\s*(<\/div>)/i, '$1$2') + '<\/body>';
                    }
                    return m;
                });

                return buffer;
            });
        }
        rewriteApi.add({
            pattern: /(<head[^>]*>)/i,
            replace: '$1<script type="text\/javascript" class="cm-ignore" src="http:\/\/dummytest.clicktale-samples.com\/GlobalResources\/jquery.js"><\/script>'
        });
        rewriteApi.add(function (buffer) {
            buffer = buffer.replace(/(<div[^>]*id="deliveryInfoPanel"[^>]*>[\s\S]*?<span[^>]*class="postcode"[^>]*>)([^"]+?)(<\/span>)/i, function (m, g1, g2, g3) {
                if (g1 && g2 && g3) {
                    return g1 + g2.replace(/\w/g, '-') + g3;
                }
                return m;
            });
            return buffer;
        });
        //Masking PII cases for SAIN-31



        rewriteApi.add(function (buffer) { //delivery address (at the delivering information box) - accross the site t = 0.000469953
            buffer = buffer.replace(/(span[^>]*class="postcode">)([\s\S]+?)(<\/span>)/i, function (m, g1, g2, g3) {
                if (g1 && g2 && g3) {
                    if (g2.indexOf('fulfilmentLocation') > -1) {
                        return m;
                    }
                    return g1 + g2.replace(/\w/g, '-') + g3;
                }
                return m;

            });
            return buffer;
        });
        rewriteApi.add(function (buffer) { //delivery address (at the delivering information box) - accross the site t = 0.000469953
            buffer = buffer.replace(/(a[^>]*class="fulfilmentLocation"[^>]*>)([\s\S]+?)(<\/a>)/i, function (m, g1, g2, g3) {
                if (g1 && g2 && g3) {
                    return g1 + g2.replace(/\w/g, '-') + g3;
                }
                return m;

            });
            return buffer;
        });

        rewriteApi.add(function (buffer) { //address details at Delivery Page t = 0.001250125
            buffer = buffer.replace(/(<ul[^>]*addressList[^>]*>)([\s\S]+?)(<\/ul>)/i, function (m, g1, g2, g3) {
                if (g1 && g2 && g3) {
                    return g1 + g2.replace(/(<li[^>]*?>)([\s\S]+?)(<\/li)/img, '$1----$3') + g3;
                }
                return m;

            });
            return buffer;
        });

        rewriteApi.add(function (buffer) { // Masking changes that happen to billing select address 0.0009
            buffer = buffer.replace(/(<select[^>]*Billing_selectAddress[^>]*>)([\s\S]+?)(<\/select>)/i, function (m, g1, g2, g3) {
                if (g1 && g2 && g3) {
                    return g1 + g2.replace(/(<option[^>]*>)([\s\S]+?)(<\/option>)/img, '$1----------$3') + g3;
                }
                return m;

            });
            return buffer;
        });
        rewriteApi.add(function (buffer) { // Masking changes that happen to shiping select address 0.0008
            buffer = buffer.replace(/(<select[^>]*Shipping_selectAddress[^>]*>)([\s\S]+?)(<\/select>)/i, function (m, g1, g2, g3) {
                if (g1 && g2 && g3) {
                    return g1 + g2.replace(/(<option[^>]*>)([\s\S]+?)(<\/option>)/img, '$1----------$3') + g3;
                }
                return m;

            });
            return buffer;
        });
        rewriteApi.add(function (buffer) { // Masking changes that happen to list Of Payment Instructions 0.00038
            buffer = buffer.replace(/(<select[^>]*name="listOfPaymentInstructions"[^>]*>)([\s\S]+?)(<\/select>)/i, function (m, g1, g2, g3) {
                if (g1 && g2 && g3) {
                    return g1 + g2.replace(/(<option[^>]*>)([\s\S]+?)(<\/option>)/img, '$1----------$3') + g3;
                }
                return m;

            });
            return buffer;
        });

        rewriteApi.add(function (buffer) { // Masking changes that happen to list Of Payment Instructions 0.00038
            buffer = buffer.replace(/(<input[^>]*id="cardNumber"[^>]*value=")([^"]*)("[^>]*>)/i, function (m, g1, g2, g3) {
                if (g1 && g2 && g3) {
                    return g1 + g2.replace(/[\w\W]/mig, '-') + g3;
                }
                return m;

            });
            return buffer;
        });

        rewriteApi.add(function (buffer) { // Masking changes that happen to credit card expire date - year -  0.000320032
            buffer = buffer.replace(/(<select[^>]*id="expiryYear"[^>]*>[\s\S]*?<option[^>]*selected[^>]*>)([\s\S]*?)(<\/option>)/i, function (m, g1, g2, g3) {
                if (g1 && g2 && g3) {
                    return g1 + g2.replace(/[\w\W]/ig, '-') + g3;
                }
                return m;

            });
            return buffer;
        });

        rewriteApi.add(function (buffer) { // Masking changes that happen to credit card expire date - month -  0.000320032
            buffer = buffer.replace(/(<select[^>]*id="expiryMonth"[^>]*>[\s\S]*?<option[^>]*selected[^>]*>)([\s\S]*?)(<\/option>)/i, function (m, g1, g2, g3) {
                if (g1 && g2 && g3) {
                    return g1 + g2.replace(/[\w\W]/ig, '-') + g3;
                }
                return m;

            });
            return buffer;
        });

        rewriteApi.add(function (buffer) { //user name t = 0.000720072
            buffer = buffer.replace(/(<p[^>]*homepageGreeting[^>]*>)([\s\S]+?)(<\/p>)/i, function (m, g1, g2, g3) {
                if (g1 && g2 && g3) {
                    return g1 + g2.replace(/\w/g, '-') + g3;
                }
                return m;

            });
            return buffer;
        });

        if (document.location.pathname && (document.location.pathname.indexOf("/webapp/wcs/stores/servlet/OrderBillingView") > -1)) {//Checkout page, delivery details

            rewriteApi.add(function (buffer) { //t = 0.001250125
                buffer = buffer.replace(/(<a[^>]*?servlet\/MyAddress[^>]*?>)([\s\S]*?)(<)/i, function (m, g1, g2, g3) {
                    if (g1 && g2 && g3) {
                        return g1 + g2.replace(/\w/g, '-') + g3;
                    }
                    return m;
                });
                return buffer;
            });

        } else if (document.location.pathname && (document.location.pathname.indexOf("webapp/wcs/stores/servlet/OrderShippingBillingConfirmationView") > -1)) {//Checkout page, delivery details

            rewriteApi.add(function (buffer) { //Email to which the confirmation will be sent t = 0.000730073
                buffer = buffer.replace(/(emailed to[\s\S]+?)(<\/strong>)([\s\S]+?)(<\/p>)/i, function (m, g1, g2, g3, g4) {
                    if (g1 && g2 && g3 && g4) {
                        return g1 + g2 + g3.replace(/\w/g, '-') + g4;
                    }
                    return m;
                });
                return buffer;
            });

            rewriteApi.add(function (buffer) { //Order number t = 0.000420042
                buffer = buffer.replace(/(checkoutNumberConfirmation[\s\S]+?)(<strong>)([\s\S]+?)(<\/strong>)/i, function (m, g1, g2, g3, g4) {
                    if (g1 && g2 && g3 && g4) {
                        return g1 + g2 + g3.replace(/\w/g, '-') + g4;
                    }
                    return m;
                });
                return buffer;
            });

            rewriteApi.add(function (buffer) { //Delivery address t = 0.00070007
                buffer = buffer.replace(/(Delivery address[\s\S]+?)(<td>)([\s\S]+?)(<\/td>)/i, function (m, g1, g2, g3, g4) {
                    if (g1 && g2 && g3 && g4) {
                        return g1 + g2 + g3.replace(/\w/g, '-') + g4;
                    }
                    return m;
                });
                return buffer;
            });
            rewriteApi.add(function (buffer) { //order id  t = 0.000730073
                buffer = buffer.replace(/(<div[^>]*id="orderAmendRHSPanel"[^>]*>[\s\S]*?<a[^>]*onclick="[^"]*\/servlet\/OrderSummaryDisplay[^"]*[^>]*>)([\s\S]*?)(<\/a>)/i, function (m, g1, g2, g3) {
                    if (g1 && g2 && g3) {
                        return g1 + g2.replace(/\w/g, '-') + g3;
                    }
                    return m;
                });
                return buffer;
            });

        }
        // SAIS-7

        if (mobileFlagForReWriteRules) {
            if (document.location.href.indexOf('tustorefront/my-account') > -1) {
                rewriteApi.add({
                    pattern: /(class="addressHead">)([\s\S]*?)(<\/[\s\S]*?">)([\s\S]*?)(<\/div>)/i,
                    replace: '$1********$3********$5'
                });
                rewriteApi.add({
                    pattern: /(accountDeliveryName">)[\s\S]*?(<\/ul>)/gmi,
                    replace: '$1********<\/li><li>*****<\/li><li>*****<\/li><li>*****<\/li><li>*****<\/li>$2'
                });
            }
        }
        //My Account
        if (document.location.href.indexOf('https://tuclothing.sainsburys.co.uk/tustorefront/my-account') > -1) {
            // Works for Desktop+Mobile
            rewriteApi.add({
                pattern: /(class="feature-banner-text"[\s\S]*?<(h4|h2)>)([\s\S]*?)(<\/h)/i,
                replace: '$1********$4'
            });
            //Order details
            rewriteApi.add({
                pattern: /(<div class="stage[\s\S]*?<\/h3>)([\s\S]*?)(<\/div>)/gmi,
                replace: '$1********$3'
            });
            // For address book
            rewriteApi.add({
                pattern: /(id="address_book"[\s\S]+<th>)([\s\S]*?)(<\/th>[\s\S]*?<td>)([\s\S]*?)(<\/td>)/i,
                replace: '$1********$3*********$5'
            });

        } else if (document.location.href.indexOf('https://tuclothing.sainsburys.co.uk/tustorefront/checkout/multi/choose-delivery-method') > -1) {
            rewriteApi.add({
                pattern: /(<input id="continue"[\s\S]*?<td>)([\s\S]*?)(<\/td>)/gmi,
                replace: '$1********$3'
            });
        } else if (document.location.href.indexOf('tustorefront/checkout/multi/orderSummary') > -1) {
            rewriteApi.add({
                pattern: /(<p class="delivery-name">)([\s\S]*?)(<\/p>)/i,
                replace: '$1 ***,***, ***, ***, ***$3'
            });
        }
        rewriteApi.add({
            pattern: /(class="logged_in">Hello )[\s\S]*?(<\/li>)/gmi,
            replace: '$1********$3'
        });
    }
};

// End of user-defined pre WR code


window.ClickTalePrevOnReady = typeof window.ClickTaleOnReady == 'function' ? window.ClickTaleOnReady : void 0;

window.ClickTaleOnReady = function() {
	var PID=194, 
		Ratio=0.1, 
		PartitionPrefix="www16",
		SubsId=232923;
	
	if (window.navigator && window.navigator.loadPurpose === "preview") {
       return;
	};
		
	
	// Start of user-defined header code (PreInitialize)
	if (typeof ClickTaleSetAllSensitive === "function") {
    ClickTaleSetAllSensitive();
}

function isVisible(element){
    if(element){
        return (element.offsetWidth > 0 || element.offsetHeight > 0 || element.getClientRects().length > 0);
    } else return false;
}
window.ClickTaleSettings.PTC.InitFuncs = window.ClickTaleSettings.PTC.InitFuncs || [];
window.ClickTaleSettings.PTC.InitFuncs.push(function() {
    var pcc = document.querySelector('script[src*="clicktale"][src*="pcc"]');
    if (pcc) {
        var versionmatch = pcc.src.match(/DeploymentConfigName=(.+)/i);
        if (versionmatch && typeof ClickTaleExec === 'function') {
            ClickTaleExec("console.info('" + versionmatch[0] + "');");
            ClickTaleEvent("Config: " + versionmatch[1].replace(/\&.+/, ''));
        }
    }
});

function doUpload() {
    ClickTaleUploadPage();
    window.ClickTaleSSL = 1;
    ClickTale(PID, Ratio, PartitionPrefix);
    if ((typeof ClickTalePrevOnReady == 'function') && (ClickTaleOnReady.toString() != ClickTalePrevOnReady.toString())) {
        ClickTalePrevOnReady();
    }
}

function isReadyToRecord() {
    if (document.location.pathname === "/") {
        return isVisible(document.querySelectorAll('.slick-track')[0]);
    }
    else if(document.location.pathname === "/shop/gb/groceries"){
        return isVisible(document.querySelectorAll(".es-border-box")[0]);
    }
    return true;
}

function doOnlyWhen(toDoHandler, toCheckHandler, interval, times, failHandler) {
    if ((!toDoHandler) || (!toCheckHandler)) return;
    if (typeof interval == "undefined") interval = 1000;
    if (typeof times == "undefined") times = 20;
    if (--times < 0) {
        if (typeof failHandler === 'function') {
            failHandler();
        }
        return;
    }
    if (toCheckHandler()) {
        toDoHandler();
        return;
    }
    setTimeout(function () { doOnlyWhen(toDoHandler, toCheckHandler, interval, times, failHandler); }, interval);
};

if (typeof ClickTaleUploadPage === 'function' && window.ClickTaleSettings.PTC.UseTransport) {
    if(window.ClickTaleSettings.PTC.EnableChangeMonitor){
		if (typeof ClickTaleEvent === "function") {
					ClickTaleEvent("CM");
		}
	}
    doOnlyWhen(doUpload, isReadyToRecord, 300, 20, doUpload);
    var initFuncs = window.ClickTaleSettings.PTC.InitFuncs;
    for (var i = 0, initLen = initFuncs.length; i < initLen; i++) {
        if (typeof initFuncs[i] === 'function') {
            initFuncs[i]();
        }
    }
    return;
}

	// End of user-defined header code (PreInitialize)
    
	
	window.ClickTaleIncludedOnDOMReady=true;
	
	ClickTaleGlobal.init.isAllowed && ClickTale(PID, Ratio, PartitionPrefix, SubsId);
	
	if((typeof ClickTalePrevOnReady == 'function') && (ClickTaleOnReady.toString() != ClickTalePrevOnReady.toString()))
	{
    	ClickTalePrevOnReady();
	}
	
	
	// Start of user-defined footer code
	
	// End of user-defined footer code
	
}; 
(function() {
	var div = ClickTaleCreateDOMElement("div");
	div.id = "ClickTaleDiv";
	div.style.display = "none";
	document.body.appendChild(div);

	
	
	var wrScript = ClickTaleCreateDOMElement("script"),
		wrSrc = (document.location.protocol=='https:' ? 'https://cdnssl.clicktale.net/www/' : 'http://cdn.clicktale.net/www/') + 'tc/WR-latest.js';
	wrScript.src = (window.ClickTaleCDNHTTPSRewrite ? ClickTaleCDNHTTPSRewrite(wrSrc) : wrSrc);
	wrScript.type = 'text/javascript';
		wrScript.async = true;
		ClickTaleGlobal.init.isAllowed && document.body.appendChild(wrScript);
})();





!function(){function t(){window.addEventListener&&addEventListener("message",e,!1)}function e(t){var e,o=new RegExp("(clicktale.com|qa-core.app.clicktale.com)($|:)"),c=new RegExp("qa-core.app.clicktale.com"),i=!1,a=t.origin;try{e=JSON.parse(t.data)}catch(l){return}o.test(t.origin)!==!1&&(window.ct_ve_parent_window=t.source,c.test(t.origin)===!0&&(i=!0),"CTload_ve"===e["function"]&&"function"==typeof ClickTaleGetPID&&null!==ClickTaleGetPID()&&n(a,i))}function o(t){return document.createElementNS?document.createElementNS("http://www.w3.org/1999/xhtml",t):document.createElement(t)}function n(t,e){var n=o("script");n.setAttribute("type","text/javascript"),n.setAttribute("id","ctVisualEditorClientModule");var c;c=e?document.location.protocol+"//qa-core.app.clicktale.com/VisualEditor/Client/dist/veClientModule.js":document.location.protocol+"//"+t.match(/subs\d*/)[0]+".app.clicktale.com/VisualEditor/Client/dist/veClientModule.js",n.src=c,document.getElementById("ctVisualEditorClientModule")||document.body.appendChild(n)}try{var c=window.chrome,i=window.navigator&&window.navigator.vendor;null!==c&&void 0!==c&&"Google Inc."===i&&t()}catch(a){}}();</script><script type="text/javascript" src="http://cdn.clicktale.net/www16/pcc/5ea22b8e-c62f-443c-a41b-bb50b30c6fc6.js?DeploymentConfigName=Release_20170316&amp;Version=2"></script><script src="https://cdna.clicktale.net/www/tc/monitor-1.3.9.js" async="" type="text/javascript"></script><div id="ClickTaleDiv" style="display: none;"></div>
<script src="http://cdn.clicktale.net/www/tc/WR-latest.js" type="text/javascript" async=""></script><script src="http://cdn.clicktale.net/www/ChangeMonitor-latest.js"></script><iframe src="//reporting.sainsburys-online.com/cgi-bin/rr/blank.gif?nourl=www.sainsburys.co.uk/webapp/wcs/stores/servlet/gb/groceries/food-cupboard/snacking-fruit-nuts" height="0" width="0" style="display:none;"></iframe>
</body>
</html>
