<!DOCTYPE html>
<html class="js dj_webkit dj_safari dj_contentbox" xmlns:wairole="http://www.w3.org/2005/01/wai-rdf/GUIRoleTaxonomy#" xmlns:waistate="http://www.w3.org/2005/07/aaa" lang="en" xml:lang="en">
<!-- BEGIN PromotionDisplay.jsp --><head>
<meta http-equiv="Content-Type" content="text/html; charset=UTF-8">
<title>
                Sainsbury's - Only £3.00: Save 60p
            </title>
<!-- BEGIN CommonCSSToInclude.jspf --><!--[if IE 8]>
    <link type="text/css" href="http://c1.sainsburys.co.uk/wcsstore7.20.1.145/SainsburysStorefrontAssetStore/css/main-ie8.min.css" rel="stylesheet" media="all" />
	<![endif]--><!--[if !IE 8]><!--><link type="text/css" href="http://c1.sainsburys.co.uk/wcsstore7.20.1.145/SainsburysStorefrontAssetStore/css/main.min.css" rel="stylesheet" media="all">
<!--<![endif]--><link type="text/css" href="http://c1.sainsburys.co.uk/wcsstore7.20.1.145/SainsburysStorefrontAssetStore/wcassets/groceries/css/espot.css" rel="stylesheet" media="all">
<link type="text/css" href="http://c1.sainsburys.co.uk/wcsstore7.20.1.145/SainsburysStorefrontAssetStore/css/print.css" rel="stylesheet" media="print">
<!-- END CommonCSSToInclude.jspf --><!-- BEGIN CommonJSToInclude.jspf --><meta name="CommerceSearch" content="storeId_10151">
<script type="text/javascript" src="//s.thebrighttag.com/tag?site=sp0XdVN&amp;H=-4glj2z8&amp;cf=645150%2C969119%2C1501197%2C3868479&amp;mode=v1"></script><script type="text/javascript" src="http://s.btstatic.com/BrightTag.jquery-1.5.1.js"></script><script type="text/javascript" src="//www.gstatic.com/attribution/collection/attributiontools.js"></script><script type="text/javascript" src="//s.btstatic.com/lib/0aa48296ca7b6182261af570d7367f790c666cd4.js?v=2"></script><script type="text/javascript" src="//s.btstatic.com/lib/32da0331f93c723a43b2e19faddf77b41f99d326.js?v=2"></script><script type="text/javascript" src="//s.btstatic.com/lib/0bf5d7aa6f82472c841c09fb805f6ccb726da921.js?v=2"></script><script type="text/javascript" src="//s.btstatic.com/lib/525a43d946bca9c8f07bfcc56a1feb3d26d65ccb.js?v=2"></script><script type="text/javascript" src="//s.thebrighttag.com/tag?site=sp0XdVN&amp;H=-4glj2z8"></script><script async="" src="//s.btstatic.com/tag.js#site=sp0XdVN"></script><script type="text/javascript" charset="utf-8" src="http://c1.sainsburys.co.uk/wcsstore7.20.1.145/SainsburysStorefrontAssetStore/js/dojo.1.7.1/dojo/fx/easing.js"></script><script type="text/javascript" charset="utf-8" src="http://c1.sainsburys.co.uk/wcsstore7.20.1.145/SainsburysStorefrontAssetStore/js/dojo.1.7.1/dojo/NodeList-traverse.js"></script><script type="text/javascript" charset="utf-8" src="http://c1.sainsburys.co.uk/wcsstore7.20.1.145/SainsburysStorefrontAssetStore/js/dojo.1.7.1/dojox/NodeList/delegate.js"></script><script type="text/javascript" charset="utf-8" src="http://c1.sainsburys.co.uk/wcsstore7.20.1.145/SainsburysStorefrontAssetStore/js/dojo.1.7.1/dojo/hash.js"></script><script type="text/javascript" charset="utf-8" src="http://c1.sainsburys.co.uk/wcsstore7.20.1.145/SainsburysStorefrontAssetStore/js/dojo.1.7.1/dojox/html/entities.js"></script><script type="text/javascript" charset="utf-8" src="http://c1.sainsburys.co.uk/wcsstore7.20.1.145/SainsburysStorefrontAssetStore/js/dojo.1.7.1/dojo/parser.js"></script><script type="text/javascript" charset="utf-8" src="http://c1.sainsburys.co.uk/wcsstore7.20.1.145/SainsburysStorefrontAssetStore/js/dojo.1.7.1/dijit/layout/AccordionContainer.js"></script><script type="text/javascript" charset="utf-8" src="http://c1.sainsburys.co.uk/wcsstore7.20.1.145/SainsburysStorefrontAssetStore/js/dojo.1.7.1/dijit/layout/ContentPane.js"></script><script type="text/javascript" charset="utf-8" src="http://c1.sainsburys.co.uk/wcsstore7.20.1.145/SainsburysStorefrontAssetStore/js/dojo.1.7.1/dojox/widget/AutoRotator.js"></script><script type="text/javascript" charset="utf-8" src="http://c1.sainsburys.co.uk/wcsstore7.20.1.145/SainsburysStorefrontAssetStore/js/dojo.1.7.1/dojox/widget/rotator/Fade.js"></script><script type="text/javascript" charset="utf-8" src="http://c1.sainsburys.co.uk/wcsstore7.20.1.145/SainsburysStorefrontAssetStore/js/dojo.1.7.1/dojo/fx.js"></script><script type="text/javascript" charset="utf-8" src="http://c1.sainsburys.co.uk/wcsstore7.20.1.145/SainsburysStorefrontAssetStore/js/dojo.1.7.1/dojo/_base/url.js"></script><script type="text/javascript" charset="utf-8" src="http://c1.sainsburys.co.uk/wcsstore7.20.1.145/SainsburysStorefrontAssetStore/js/dojo.1.7.1/dojo/date/stamp.js"></script><script type="text/javascript" charset="utf-8" src="http://c1.sainsburys.co.uk/wcsstore7.20.1.145/SainsburysStorefrontAssetStore/js/dojo.1.7.1/dijit/focus.js"></script><script type="text/javascript" charset="utf-8" src="http://c1.sainsburys.co.uk/wcsstore7.20.1.145/SainsburysStorefrontAssetStore/js/dojo.1.7.1/dijit/_base/manager.js"></script><script type="text/javascript" charset="utf-8" src="http://c1.sainsburys.co.uk/wcsstore7.20.1.145/SainsburysStorefrontAssetStore/js/dojo.1.7.1/dijit/_Widget.js"></script><script type="text/javascript" charset="utf-8" src="http://c1.sainsburys.co.uk/wcsstore7.20.1.145/SainsburysStorefrontAssetStore/js/dojo.1.7.1/dijit/_Container.js"></script><script type="text/javascript" charset="utf-8" src="http://c1.sainsburys.co.uk/wcsstore7.20.1.145/SainsburysStorefrontAssetStore/js/dojo.1.7.1/dijit/_TemplatedMixin.js"></script><script type="text/javascript" charset="utf-8" src="http://c1.sainsburys.co.uk/wcsstore7.20.1.145/SainsburysStorefrontAssetStore/js/dojo.1.7.1/dijit/_CssStateMixin.js"></script><script type="text/javascript" charset="utf-8" src="http://c1.sainsburys.co.uk/wcsstore7.20.1.145/SainsburysStorefrontAssetStore/js/dojo.1.7.1/dijit/layout/StackContainer.js"></script><script type="text/javascript" charset="utf-8" src="http://c1.sainsburys.co.uk/wcsstore7.20.1.145/SainsburysStorefrontAssetStore/js/dojo.1.7.1/dojo/text.js"></script><script type="text/javascript" charset="utf-8" src="http://c1.sainsburys.co.uk/wcsstore7.20.1.145/SainsburysStorefrontAssetStore/js/dojo.1.7.1/dijit/layout/_ContentPaneResizeMixin.js"></script><script type="text/javascript" charset="utf-8" src="http://c1.sainsburys.co.uk/wcsstore7.20.1.145/SainsburysStorefrontAssetStore/js/dojo.1.7.1/dojo/string.js"></script><script type="text/javascript" charset="utf-8" src="http://c1.sainsburys.co.uk/wcsstore7.20.1.145/SainsburysStorefrontAssetStore/js/dojo.1.7.1/dojo/html.js"></script><script type="text/javascript" charset="utf-8" src="http://c1.sainsburys.co.uk/wcsstore7.20.1.145/SainsburysStorefrontAssetStore/js/dojo.1.7.1/dojo/i18n.js"></script><script type="text/javascript" charset="utf-8" src="http://c1.sainsburys.co.uk/wcsstore7.20.1.145/SainsburysStorefrontAssetStore/js/dojo.1.7.1/dijit/main.js"></script><script type="text/javascript" charset="utf-8" src="http://c1.sainsburys.co.uk/wcsstore7.20.1.145/SainsburysStorefrontAssetStore/js/dojo.1.7.1/dojox/main.js"></script><script type="text/javascript" charset="utf-8" src="http://c1.sainsburys.co.uk/wcsstore7.20.1.145/SainsburysStorefrontAssetStore/js/dojo.1.7.1/dojo/require.js"></script><script type="text/javascript" charset="utf-8" src="http://c1.sainsburys.co.uk/wcsstore7.20.1.145/SainsburysStorefrontAssetStore/js/dojo.1.7.1/dojo/Stateful.js"></script><script type="text/javascript" charset="utf-8" src="http://c1.sainsburys.co.uk/wcsstore7.20.1.145/SainsburysStorefrontAssetStore/js/dojo.1.7.1/dojo/window.js"></script><script type="text/javascript" charset="utf-8" src="http://c1.sainsburys.co.uk/wcsstore7.20.1.145/SainsburysStorefrontAssetStore/js/dojo.1.7.1/dijit/a11y.js"></script><script type="text/javascript" charset="utf-8" src="http://c1.sainsburys.co.uk/wcsstore7.20.1.145/SainsburysStorefrontAssetStore/js/dojo.1.7.1/dijit/registry.js"></script><script type="text/javascript" charset="utf-8" src="http://c1.sainsburys.co.uk/wcsstore7.20.1.145/SainsburysStorefrontAssetStore/js/dojo.1.7.1/dijit/_WidgetBase.js"></script><script type="text/javascript" charset="utf-8" src="http://c1.sainsburys.co.uk/wcsstore7.20.1.145/SainsburysStorefrontAssetStore/js/dojo.1.7.1/dijit/_OnDijitClickMixin.js"></script><script type="text/javascript" charset="utf-8" src="http://c1.sainsburys.co.uk/wcsstore7.20.1.145/SainsburysStorefrontAssetStore/js/dojo.1.7.1/dijit/_FocusMixin.js"></script><script type="text/javascript" charset="utf-8" src="http://c1.sainsburys.co.uk/wcsstore7.20.1.145/SainsburysStorefrontAssetStore/js/dojo.1.7.1/dojo/uacss.js"></script><script type="text/javascript" charset="utf-8" src="http://c1.sainsburys.co.uk/wcsstore7.20.1.145/SainsburysStorefrontAssetStore/js/dojo.1.7.1/dijit/hccss.js"></script><script type="text/javascript" charset="utf-8" src="http://c1.sainsburys.co.uk/wcsstore7.20.1.145/SainsburysStorefrontAssetStore/js/dojo.1.7.1/dojo/touch.js"></script><script type="text/javascript" charset="utf-8" src="http://c1.sainsburys.co.uk/wcsstore7.20.1.145/SainsburysStorefrontAssetStore/js/dojo.1.7.1/dojo/cache.js"></script><script type="text/javascript" charset="utf-8" src="http://c1.sainsburys.co.uk/wcsstore7.20.1.145/SainsburysStorefrontAssetStore/js/dojo.1.7.1/dojo/cookie.js"></script><script type="text/javascript" charset="utf-8" src="http://c1.sainsburys.co.uk/wcsstore7.20.1.145/SainsburysStorefrontAssetStore/js/dojo.1.7.1/dijit/layout/_LayoutWidget.js"></script><script type="text/javascript" charset="utf-8" src="http://c1.sainsburys.co.uk/wcsstore7.20.1.145/SainsburysStorefrontAssetStore/js/dojo.1.7.1/dijit/layout/utils.js"></script><script type="text/javascript" charset="utf-8" src="http://c1.sainsburys.co.uk/wcsstore7.20.1.145/SainsburysStorefrontAssetStore/js/dojo.1.7.1/dijit/_Contained.js"></script><script type="text/javascript" charset="utf-8" src="http://c1.sainsburys.co.uk/wcsstore7.20.1.145/SainsburysStorefrontAssetStore/js/dojo.1.7.1/dijit/nls/loading.js"></script><script type="text/javascript" charset="utf-8" src="http://c1.sainsburys.co.uk/wcsstore7.20.1.145/SainsburysStorefrontAssetStore/js/dojo.1.7.1/dijit/nls/common.js"></script><script type="text/javascript" charset="utf-8" src="http://c1.sainsburys.co.uk/wcsstore7.20.1.145/SainsburysStorefrontAssetStore/js/dojo.1.7.1/dojox/widget/Rotator.js"></script><script type="text/javascript" charset="utf-8" src="http://c1.sainsburys.co.uk/wcsstore7.20.1.145/SainsburysStorefrontAssetStore/js/dojo.1.7.1/dojo/regexp.js"></script><script type="text/javascript" charset="utf-8" src="http://c1.sainsburys.co.uk/wcsstore7.20.1.145/SainsburysStorefrontAssetStore/js/dojo.1.7.1/dojo/fx/Toggler.js"></script><script type="text/javascript" charset="utf-8" src="http://c1.sainsburys.co.uk/wcsstore7.20.1.145/SainsburysStorefrontAssetStore/js/dojo.1.7.1/dijit/_base.js"></script><script type="text/javascript" charset="utf-8" src="http://c1.sainsburys.co.uk/wcsstore7.20.1.145/SainsburysStorefrontAssetStore/js/dojo.1.7.1/dijit/WidgetSet.js"></script><script type="text/javascript" charset="utf-8" src="http://c1.sainsburys.co.uk/wcsstore7.20.1.145/SainsburysStorefrontAssetStore/js/dojo.1.7.1/dijit/_base/focus.js"></script><script type="text/javascript" charset="utf-8" src="http://c1.sainsburys.co.uk/wcsstore7.20.1.145/SainsburysStorefrontAssetStore/js/dojo.1.7.1/dijit/_base/place.js"></script><script type="text/javascript" charset="utf-8" src="http://c1.sainsburys.co.uk/wcsstore7.20.1.145/SainsburysStorefrontAssetStore/js/dojo.1.7.1/dijit/_base/popup.js"></script><script type="text/javascript" charset="utf-8" src="http://c1.sainsburys.co.uk/wcsstore7.20.1.145/SainsburysStorefrontAssetStore/js/dojo.1.7.1/dijit/_base/scroll.js"></script><script type="text/javascript" charset="utf-8" src="http://c1.sainsburys.co.uk/wcsstore7.20.1.145/SainsburysStorefrontAssetStore/js/dojo.1.7.1/dijit/_base/sniff.js"></script><script type="text/javascript" charset="utf-8" src="http://c1.sainsburys.co.uk/wcsstore7.20.1.145/SainsburysStorefrontAssetStore/js/dojo.1.7.1/dijit/_base/typematic.js"></script><script type="text/javascript" charset="utf-8" src="http://c1.sainsburys.co.uk/wcsstore7.20.1.145/SainsburysStorefrontAssetStore/js/dojo.1.7.1/dijit/_base/wai.js"></script><script type="text/javascript" charset="utf-8" src="http://c1.sainsburys.co.uk/wcsstore7.20.1.145/SainsburysStorefrontAssetStore/js/dojo.1.7.1/dijit/_base/window.js"></script><script type="text/javascript" charset="utf-8" src="http://c1.sainsburys.co.uk/wcsstore7.20.1.145/SainsburysStorefrontAssetStore/js/dojo.1.7.1/dijit/place.js"></script><script type="text/javascript" charset="utf-8" src="http://c1.sainsburys.co.uk/wcsstore7.20.1.145/SainsburysStorefrontAssetStore/js/dojo.1.7.1/dijit/popup.js"></script><script type="text/javascript" charset="utf-8" src="http://c1.sainsburys.co.uk/wcsstore7.20.1.145/SainsburysStorefrontAssetStore/js/dojo.1.7.1/dijit/BackgroundIframe.js"></script><script type="text/javascript" charset="utf-8" src="http://c1.sainsburys.co.uk/wcsstore7.20.1.145/SainsburysStorefrontAssetStore/js/dojo.1.7.1/dijit/typematic.js"></script><script type="text/javascript" charset="utf-8" src="http://c1.sainsburys.co.uk/wcsstore7.20.1.145/SainsburysStorefrontAssetStore/js/dojo.1.7.1/dijit/layout/StackController.js"></script><script type="text/javascript" charset="utf-8" src="http://c1.sainsburys.co.uk/wcsstore7.20.1.145/SainsburysStorefrontAssetStore/js/dojo.1.7.1/dijit/form/ToggleButton.js"></script><script type="text/javascript" charset="utf-8" src="http://c1.sainsburys.co.uk/wcsstore7.20.1.145/SainsburysStorefrontAssetStore/js/dojo.1.7.1/dijit/form/Button.js"></script><script type="text/javascript" charset="utf-8" src="http://c1.sainsburys.co.uk/wcsstore7.20.1.145/SainsburysStorefrontAssetStore/js/dojo.1.7.1/dijit/form/_ToggleButtonMixin.js"></script><script type="text/javascript" charset="utf-8" src="http://c1.sainsburys.co.uk/wcsstore7.20.1.145/SainsburysStorefrontAssetStore/js/dojo.1.7.1/dijit/form/_FormWidget.js"></script><script type="text/javascript" charset="utf-8" src="http://c1.sainsburys.co.uk/wcsstore7.20.1.145/SainsburysStorefrontAssetStore/js/dojo.1.7.1/dijit/form/_ButtonMixin.js"></script><script type="text/javascript" charset="utf-8" src="http://c1.sainsburys.co.uk/wcsstore7.20.1.145/SainsburysStorefrontAssetStore/js/dojo.1.7.1/dijit/form/_FormWidgetMixin.js"></script><script type="text/javascript" charset="utf-8" src="http://c1.sainsburys.co.uk/wcsstore7.20.1.145/SainsburysStorefrontAssetStore/js/dojo.1.7.1/dijit/layout/AccordionPane.js"></script><script type="text/javascript" charset="utf-8" src="http://c1.sainsburys.co.uk/wcsstore7.20.1.145/SainsburysStorefrontAssetStore/js/dojo.1.7.1/dijit/form/_FormValueWidget.js"></script><script type="text/javascript" charset="utf-8" src="http://c1.sainsburys.co.uk/wcsstore7.20.1.145/SainsburysStorefrontAssetStore/js/dojo.1.7.1/dijit/form/_FormValueMixin.js"></script><script type="text/javascript" charset="utf-8" src="http://c1.sainsburys.co.uk/wcsstore7.20.1.145/SainsburysStorefrontAssetStore/js/dojo.1.7.1/dijit/form/DropDownButton.js"></script><script type="text/javascript" charset="utf-8" src="http://c1.sainsburys.co.uk/wcsstore7.20.1.145/SainsburysStorefrontAssetStore/js/dojo.1.7.1/dijit/form/ComboButton.js"></script><script type="text/javascript" charset="utf-8" src="http://c1.sainsburys.co.uk/wcsstore7.20.1.145/SainsburysStorefrontAssetStore/js/dojo.1.7.1/dijit/_HasDropDown.js"></script><script type="text/javascript">  
    var _deliverySlotInfo = {                          
            expiryDateTime: '',
            currentDateTime: 'March 21,2017 00:25:18',
            ajaxCountDownUrl: 'CountdownDisplayView?langId=44&amp;storeId=10151',
            ajaxExpiredUrl: 'DeliverySlotExpiredDisplayView?langId=44&amp;storeId=10151&amp;currentPageUrl=http%3a%2f%2fwww.sainsburys.co.uk%2fwebapp%2fwcs%2fstores%2fservlet%2fPromotionDisplayView%3fmsg%3d%26langId%3d44%26productId%3d434834%26storeId%3d10151%26krypto%3dEslh5J0CB%252B9%252B%252F%252B33Ip0V5Dtfnw26s2%252FmGA4XwtmG%252Bb%252BBx4jHBxftnCmY2F62Bc%252F7LlaH%252B2%252BBJMeNWZCrAbkA3EW0GFs0eMJEzDO7gDfXIvTL91roOf6knthvirHe8NH91cuJGyIXKbUs23Qgp4rbP3JFZY%252BDn6LjNTEtJ08pMll1%252B6bKea6d6QdC6F4keXiUKGhx31U8d%252FZ7pRTkr9FIDw%253D%253D%26ddkey%3dhttp%253APromotionDisplayView&amp;AJAXCall=true'
        }
    var _amendOrderSlotInfo = {                          
            expiryDateTime: '',
            currentDateTime: 'March 21,2017 00:25:18',
            ajaxAmendOrderExpiryUrl: 'AjaxOrderAmendSlotExpiryView?langId=44&amp;storeId=10151&amp;currentPageUrl=http%3a%2f%2fwww.sainsburys.co.uk%2fwebapp%2fwcs%2fstores%2fservlet%2fPromotionDisplayView%3fmsg%3d%26langId%3d44%26productId%3d434834%26storeId%3d10151%26krypto%3dEslh5J0CB%252B9%252B%252F%252B33Ip0V5Dtfnw26s2%252FmGA4XwtmG%252Bb%252BBx4jHBxftnCmY2F62Bc%252F7LlaH%252B2%252BBJMeNWZCrAbkA3EW0GFs0eMJEzDO7gDfXIvTL91roOf6knthvirHe8NH91cuJGyIXKbUs23Qgp4rbP3JFZY%252BDn6LjNTEtJ08pMll1%252B6bKea6d6QdC6F4keXiUKGhx31U8d%252FZ7pRTkr9FIDw%253D%253D%26ddkey%3dhttp%253APromotionDisplayView'
        }    
    var _commonPageInfo = {
        currentUrl: 'http://www.sainsburys.co.uk/webapp/wcs/stores/servlet/PromotionDisplayView?msg=&amp;langId=44&amp;productId=434834&amp;storeId=10151&amp;krypto=Eslh5J0CB%2B9%2B%2F%2B33Ip0V5Dtfnw26s2%2FmGA4XwtmG%2Bb%2BBx4jHBxftnCmY2F62Bc%2F7LlaH%2B2%2BBJMeNWZCrAbkA3EW0GFs0eMJEzDO7gDfXIvTL91roOf6knthvirHe8NH91cuJGyIXKbUs23Qgp4rbP3JFZY%2BDn6LjNTEtJ08pMll1%2B6bKea6d6QdC6F4keXiUKGhx31U8d%2FZ7pRTkr9FIDw%3D%3D&amp;ddkey=http%3APromotionDisplayView',
        storeId: '10151',
        langId: '44'
    }
</script><script type="text/javascript">
	    var _rhsCheckPostCodeRuleset = {                          
	          postCode: {
	                isEmpty: {
	                      param: true,
	                      text: 'Sorry, we couldn&#39;t recognise that postcode. Please try again.',
	                      msgPlacement: "#checkPostCodePanel #Rhs_checkPostCode .field",
	                      elemToAddErrorClassTo: "#checkPostCodePanel #Rhs_checkPostCode .field"
	                },
	                minLength: {
	                      param: 5,
	                      text: 'Sorry, this entry must be at least 5 characters long.',
	                      msgPlacement: "#checkPostCodePanel #Rhs_checkPostCode .field",
	                      elemToAddErrorClassTo: "#checkPostCodePanel #Rhs_checkPostCode .field"
	                },
	                isPostcode: {
	                      param: true,
	                      text: 'Sorry, we couldn&#39;t recognise that postcode. Please try again.',
	                      msgPlacement: "#checkPostCodePanel #Rhs_checkPostCode .field",
	                      elemToAddErrorClassTo: "#checkPostCodePanel #Rhs_checkPostCode .field"
	                }
	          }
	    }
	    </script><script type="text/javascript">
      var typeAheadTrigger = 2;
</script><script type="text/javascript" data-dojo-config="isDebug: false, useCommentedJson: true,locale: 'en-gb', parseOnLoad: true, dojoBlankHtmlUrl:'/wcsstore/SainsburysStorefrontAssetStore/js/dojo.1.7.1/blank.html'" src="http://c1.sainsburys.co.uk/wcsstore7.20.1.145/SainsburysStorefrontAssetStore/js/dojo.1.7.1/dojo/dojo.js"></script><script type="text/javascript">"undefined"==typeof digitalData&&(digitalData={event:[]}),digitalData.event.push=function(){for(var t=0,e=arguments.length;e>t;t++)this[this.length]=arguments[t];var n="s_"+arguments[0].eventInfo.eventName;if(void 0!=n){var a=null;try{a=new Event(n,{bubbles:!0,cancelable:!1})}catch(i){a=document.createEvent("Event"),a.initEvent(n,!0,!1)}document.addEventListener?document.addEventListener(n,function(t){},!1):document.attachEvent(n,function(t){}),document.dispatchEvent(a)}return this.length};</script><script type="text/javascript" src="http://c1.sainsburys.co.uk/wcsstore7.20.1.145/SainsburysStorefrontAssetStore/js/sainsburys.js"></script><script type="text/javascript">require(["dojo/parser", "dijit/layout/AccordionContainer", "dijit/layout/ContentPane", "dojox/widget/AutoRotator", "dojox/widget/rotator/Fade"]);</script><script type="text/javascript" src="http://c1.sainsburys.co.uk/wcsstore7.20.1.145/SainsburysStorefrontAssetStore/wcassets/groceries/scripts/page/faq.js"></script><script type="text/javascript">if (self === top) {var antiCJ = document.getElementById("antiCJ");antiCJ.parentNode.removeChild(antiCJ);} else {top.location = self.location;}</script><!-- Maxymiser script start --><script type="text/javascript" src="//service.maxymiser.net/cdn/sainsburyscoUK/js/mmcore.js">
</script><!-- Maxymiser script end --><!-- END CommonJSToInclude.jspf -->
</head>
<body id="promoPage" class="floatingHeader">
<div class="hidden overlayBox" id="overlayBox" role="dialog"></div>
<div class="hidden pageOverlay" id="pageOverlay"></div>
<div id="autoCompleteList" class="autoCompleteList jsAccess" style="top: 82px; left: 790px;"></div>
<div class="hidden overlayBox" id="overlayBox" role="dialog"></div>
<div class="hidden pageOverlay" id="pageOverlay"></div>
    <div id="page" style="padding-top: 130px;">
        <!-- Header Nav Start --><!-- BEGIN LayoutContainerTop.jspf --><!-- BEGIN HeaderDisplay.jspf --><!-- BEGIN CachedHeaderDisplay.jsp -->

<ul id="skipLinks">
<li><a href="#content">Skip to main content</a></li>
    <li><a href="#groceriesNav">Skip to groceries navigation menu</a></li>
    
</ul>
<div id="globalHeaderContainer">
    <div class="header globalHeader" id="globalHeader">
        <div class="globalNav">
	<ul>
<li>
			<a href="http://www.sainsburys.co.uk">
			    <span class="moreSainsburysIcon"></span>
                Explore more at Sainsburys.co.uk 
			</a>
		</li>
		<li>
			<a href="http://help.sainsburys.co.uk" rel="external">
			    <span class="helpCenterIcon"></span>
                Help Centre 
			<span class="access"> (opens in a new window/tab)</span></a>
		</li>
		<li>
			<a href="http://stores.sainsburys.co.uk" rel="external">
			    <span class="storeLocatorIcon"></span>
                Store Locator 
			<span class="access"> (opens in a new window/tab)</span></a>
		</li>
		<li class="loginRegister">
			 
				    
					<a href="https://www.sainsburys.co.uk/shop/LogonView?catalogId=10241&amp;logonCallerId=LogonButton&amp;langId=44&amp;storeId=10151&amp;URL=https%3A%2F%2Fwww.sainsburys.co.uk%2Fshop%2FMyAccount%3FlangId%3D44%26storeId%3D10151">
						<span class="userIcon"></span>
                        Log in / Register 
					</a>
				
		</li>
	</ul>
</div>

	    <div class="globalHeaderLogoSearch">
	        <!-- BEGIN LogoSearchNavBar.jspf -->

<a href="http://www.sainsburys.co.uk/shop/gb/groceries" class="mainLogo"><img src="/wcsstore/SainsburysStorefrontAssetStore/img/logo.png" alt="Sainsbury's"></a>
<div class="searchBox" role="search">
    

    <form name="sol_search" method="get" action="SearchDisplay" id="globalSearchForm">

        <input type="hidden" name="viewTaskName" value="PromotionDisplayView"><input type="hidden" name="recipesSearch" value="true"><input type="hidden" name="orderBy" value="RELEVANCE"><input type="hidden" name="favouritesSelection" value="0"><input type="hidden" name="langId" value="44"><input type="hidden" name="storeId" value="10151"><label for="search" class="access">Search for products</label>
        <input type="search" name="searchTerm" id="search" maxlength="150" value="" autocomplete="off" placeholder="Search products"><button type="button" id="clearSearch" class="clearSearch hidden">Clear the search field</button>
        <input type="submit" name="searchSubmit" id="searchSubmit" value="Search">
</form>

    <a class="findProduct" href="http://www.sainsburys.co.uk/shop/ShoppingListDisplay?catalogId=10241&amp;action=ShoppingListDisplay&amp;urlLangId=&amp;langId=44&amp;storeId=10151">Search for multiple products</a>
    <!-- ul class="searchNav">
        <li class="shoppingListLink"><a href="http://www.sainsburys.co.uk/shop/ShoppingListDisplay?catalogId=10241&action=ShoppingListDisplay&urlLangId=&langId=44&storeId=10151">Find a list of products</a></li>
        <li><a href="http://stores.sainsburys.co.uk">Store Locator</a></li>
        <li><a href="https://www.sainsburys.co.uk/shop/MyAccount?langId=44&amp;storeId=10151">My Account</a></li>
        
                 <li><a href="https://www.sainsburys.co.uk/shop/QuickRegistrationFormView?catalogId=10241&amp;langId=44&amp;storeId=10151" >Register</a></li>
        
    </ul-->

</div>
<!-- END LogoSearchNavBar.jspf -->
        </div>
        <div id="groceriesNav" class="groceriesNav">
            <ul class="mainNav">
<li>
                    
                           <a href="http://www.sainsburys.co.uk/shop/gb/groceries">Groceries</a>
                        
                </li>
                <li>
                    
	                           <a href="http://www.sainsburys.co.uk/shop/gb/groceries/favourites">Favourites</a>
	                        
                </li>
                <li>
                    
                          <a href="http://www.sainsburys.co.uk/shop/gb/groceries/great-offers">Great Prices</a>
                        
                </li>
                <li>
                    
                           <a href="http://www.sainsburys.co.uk/shop/gb/groceries/discover">Discover</a>
                        
                </li>
                
                <li>
                    
                           <a href="http://recipes.sainsburys.co.uk">Recipes</a>
                        
                </li>
                
            </ul>
<hr>
</div>    
    </div>
</div>
<!-- Generated on: Tue Mar 21 00:25:18 GMT 2017  -->
<!-- END CachedHeaderDisplay.jsp --><!-- END HeaderDisplay.jspf --><!-- END LayoutContainerTop.jspf --><!-- Header Nav End -->
        <div id="main">
            <!-- Content Start -->
            <div id="content" class="article">

                <!--  Breadcrumb include to go here --><!--  START BreadCrumbTrailDisplay.jsp -->
                  <div class="nav breadcrumb" id="breadcrumbNav">
                    <p class="access">You are here:</p>  
                    <ul id="breadcrumbNavList">
<li class="first">
<span class="corner"></span><a href="http://www.sainsburys.co.uk/shop/gb/groceries/chilled-"><span>Chilled</span></a>
    
        <span class="arrow"></span>
    
    <div>
        <p>Select an option:</p>
        <ul>
<li><a href="http://www.sainsburys.co.uk/shop/gb/groceries/chilled-/ready-meals--">Ready meals</a></li>
            
                <li><a href="http://www.sainsburys.co.uk/shop/gb/groceries/chilled-/pizza---garlic-bread--">Pizza &amp; garlic bread</a></li>
            
                <li><a href="http://www.sainsburys.co.uk/shop/gb/groceries/chilled-/fresh-pasta---sauces--">Fresh pasta &amp; sauces</a></li>
            
                <li><a href="http://www.sainsburys.co.uk/shop/gb/groceries/chilled-/pies--pasties---quiche">Pies, pasties &amp; quiche</a></li>
            
                <li><a href="http://www.sainsburys.co.uk/shop/gb/groceries/chilled-/coleslaw--salads---dips">Coleslaw, salads &amp; dips</a></li>
            
                <li><a href="http://www.sainsburys.co.uk/shop/gb/groceries/chilled-/olives---antipasti---">Olives &amp; antipasti</a></li>
            
                <li><a href="http://www.sainsburys.co.uk/shop/gb/groceries/chilled-/cooked-meats---pate">Cooked meats &amp; pate</a></li>
            
                <li><a href="http://www.sainsburys.co.uk/shop/gb/groceries/chilled-/soup--">Soup</a></li>
            
                <li><a href="http://www.sainsburys.co.uk/shop/gb/groceries/chilled-/party-food--">Party food</a></li>
            
                <li><a href="http://www.sainsburys.co.uk/shop/gb/groceries/chilled-/fruit-juice---smoothies">Fruit juice &amp; smoothies</a></li>
            
                <li><a href="http://www.sainsburys.co.uk/shop/gb/groceries/chilled-/desserts-299846-44">Desserts</a></li>
            
                <li><a href="http://www.sainsburys.co.uk/shop/gb/groceries/chilled-/vegetarian---meat-free">Vegetarian &amp; meat free</a></li>
            
                <li><a href="http://www.sainsburys.co.uk/shop/gb/groceries/chilled-/world-foods--kosher---halal">World foods, kosher &amp; halal</a></li>
            
                <li><a href="http://www.sainsburys.co.uk/shop/gb/groceries/chilled-/chilled-sandwich-fillers">Food to go</a></li>
            
                <li><a href="http://www.sainsburys.co.uk/shop/gb/groceries/chilled-/easy-meals">Easy meals</a></li>
            
                <li><a href="http://www.sainsburys.co.uk/shop/gb/groceries/chilled-/easy-lunches">Easy lunches</a></li>
            
        </ul>
</div>
</li>

            <li class="second">
<a href="http://www.sainsburys.co.uk/shop/gb/groceries/chilled-/ready-meals--"><span>Ready meals</span></a> <span class="arrow"></span>
                <div>
                <p>Select an option:</p>
                    <ul>
<li><a href="http://www.sainsburys.co.uk/shop/gb/groceries/chilled-/taste-the-difference-ready-meals">Taste the Difference</a></li>
                        
                            <li><a href="http://www.sainsburys.co.uk/shop/gb/groceries/chilled-/ready-meals-indian-ready-meals">Indian</a></li>
                        
                            <li><a href="http://www.sainsburys.co.uk/shop/gb/groceries/chilled-/italian">Italian</a></li>
                        
                            <li><a href="http://www.sainsburys.co.uk/shop/gb/groceries/chilled-/ready-meals-chinese-thai">Chinese &amp; Thai</a></li>
                        
                            <li><a href="http://www.sainsburys.co.uk/shop/gb/groceries/chilled-/healthier-choice">Healthier choice</a></li>
                        
                            <li><a href="http://www.sainsburys.co.uk/shop/gb/groceries/chilled-/british">British</a></li>
                        
                            <li><a href="http://www.sainsburys.co.uk/shop/gb/groceries/chilled-/ready-meals-kids">Kids</a></li>
                        
                            <li><a href="http://www.sainsburys.co.uk/shop/gb/groceries/chilled-/spanish---mediterranean">Spanish &amp; Mediterranean</a></li>
                        
                            <li><a href="http://www.sainsburys.co.uk/shop/gb/groceries/chilled-/mexican---american">Mexican &amp; American</a></li>
                        
                            <li><a href="http://www.sainsburys.co.uk/shop/gb/groceries/chilled-/vegetarian">Vegetarian</a></li>
                        
                            <li><a href="http://www.sainsburys.co.uk/shop/gb/groceries/chilled-/potato---vegetable-side-dishes">Potato &amp; vegetable side dishes</a></li>
                        
                            <li><a href="http://www.sainsburys.co.uk/shop/gb/groceries/chilled-/meals-for-one">Meals for one</a></li>
                        
                            <li><a href="http://www.sainsburys.co.uk/shop/gb/groceries/chilled-/ready-meals-for-two-or-more">Meals for two or more</a></li>
                        
                            <li><a href="http://www.sainsburys.co.uk/shop/gb/groceries/chilled-/ready-meal-special-offers">Special offers</a></li>
                        
                    </ul>
</div>
            </li>
        
    <li class="third">
<a href="http://www.sainsburys.co.uk/shop/gb/groceries/chilled-/taste-the-difference-ready-meals"><span>Taste the Difference</span></a>
        
    </li>
    
                    </ul>
</div>
                <!--  END BreadCrumbTrailDisplay.jsp --><!-- Content Start -->
                <div class="section promoDetail">
                    
                    <img src="/wcsstore7.20.1.145/Sainsburys/Promotion%20assets/Promotion%20icons/SO_Fixed_Price_L_Icon.gif" alt="Only £3.00"><h1>
                        <!-- BEGIN include/PromotionStrapline.jspf -->Only £3.00<br><!-- FINISH include/PromotionStrapline.jspf -->
</h1>
                    <p class="deliveryInformation">
                        For delivery by: 04/04/2017
                    </p>
                    <p>Add to your trolley any products from the list below and you will only be charged the special offer price for each product.  Promotion not in all stores</p>
                </div>
                
                <div class="listContainer ">
                    
        <h2 class="access">Product pagination</h2>
        <div class="pagination">
    

    <form name="search_orderBy_form" action="PromotionDisplayView" method="get">
        <input type="hidden" value="44" name="langId"><input type="hidden" value="10151" name="storeId"><input type="hidden" value="10241" name="catalogId"><input type="hidden" value="" name="categoryId"><input type="hidden" value="20" name="pageSize"><input type="hidden" value="0" name="beginIndex"><input type="hidden" value="10230569" name="promotionId"><input type="hidden" value="434834" name="productId"><input type="hidden" value="" name="listId"><input type="hidden" value="" name="searchTerm"><input type="hidden" name="hasPreviousOrder" value=""><input type="hidden" name="previousOrderId" value=""><input type="hidden" name="categoryFacetId1" value=""><input type="hidden" name="categoryFacetId2" value=""><input type="hidden" name="bundleId" value=""><div class="field">
            <div class="indicator">
                <label for="orderBy">Sort by:</label>
            </div>

            
                    <input type="hidden" value="" name="parent_category_rn"><input type="hidden" value="" name="top_category"><div class="input">
                <div class="selectWrapper">
	                <select id="orderBy" name="orderBy"><option value="FAVOURITES_FIRST" selected>Favourites First</option>
<option value="PRICE_ASC">Price - Low to High</option>
<option value="PRICE_DESC">Price - High to Low</option>
<option value="NAME_ASC">Product Name - A - Z</option>
<option value="NAME_DESC">Product Name - Z - A</option>
<option value="TOP_SELLERS">Top Sellers</option>
<option value="RATINGS_DESC">Ratings - High to Low</option>
<option value="NEW">New</option></select><span></span>
	             </div>
            </div>
        </div>
        <div class="actions">
            <input type="submit" class="button" id="Sort" name="Sort" value="Sort">
</div>
    </form>


    
    <ul class="pages">
<li class="previous">
		        
		        <span class="access">Go to previous page</span>
		        
            </li>

        <li class="current">
<span class="access">Current page </span><span>1</span>
</li>
        
            <li><a href="http://www.sainsburys.co.uk/shop/PromotionDisplayView?pageSize=20&amp;searchTerm=&amp;catalogId=10241&amp;orderBy=FAVOURITES_FIRST&amp;top_category=&amp;parent_category_rn=&amp;listId=&amp;categoryId=&amp;langId=44&amp;beginIndex=20&amp;storeId=10151&amp;promotionId=10230569"><span class="access">Page </span><span>2</span></a></li>
        
            <li class="next">
        
            <a href="http://www.sainsburys.co.uk/shop/PromotionDisplayView?pageSize=20&amp;searchTerm=&amp;catalogId=10241&amp;orderBy=FAVOURITES_FIRST&amp;top_category=&amp;parent_category_rn=&amp;listId=&amp;categoryId=&amp;langId=44&amp;beginIndex=20&amp;storeId=10151&amp;promotionId=10230569">
        
        <span class="access">Go to next page</span>
        
            </a>
        
            </li>
    </ul>
</div>
    
                    <h2 class="access">Products in this promotion</h2>
                    
                    <ul class="productLister listView">
<li>
                                        
	                                                <div class="trolleySummary"><p class="savings">
	                                                         <!-- BEGIN include/PromotionStrapline.jspf -->Only £3.00: Save 60p<br><!-- FINISH include/PromotionStrapline.jspf --></p></div>
	                                            <!-- BEGIN CatalogEntryThumbnailDisplay.jsp --><!-- BEGIN MerchandisingAssociationsDisplay.jsp --><!-- Start - JSP File Name:  MerchandisingAssociationsDisplay.jsp --><!-- END MerchandisingAssociationsDisplay.jsp -->
	        <div class="errorBanner hidden" id="error434833"></div>
	        
	        <div class="product ">
	            <div class="productInner">
	                <div class="productInfoWrapper">
	                    <div class="productInfo">
	                        
	                                <h3>
	                                    <a href="http://www.sainsburys.co.uk/shop/gb/groceries/sainsburys-chilli-with-coriander-rice--taste-the-difference-450g">
	                                        Sainsbury's Beef Chilli With Coriander Rice, Taste the Difference 450g (Serves 1)
	                                        <img src="http://c2.sainsburys.co.uk/wcsstore7.20.1.145/ExtendedSitesCatalogAssetStore/images/catalog/productImages/07/0000001151107/0000001151107_M.jpeg" alt=""></a>
	                                </h3>
	                            
							<div class="ThumbnailRoundel">
							<!--ThumbnailRoundel --> 
							</div>
							<div class="promoBages">
								<!-- PROMOTION -->
							</div>

	
	                        <!-- Review --><!-- BEGIN CatalogEntryRatingsReviewsInfo.jspf --><!-- productAllowedRatingsAndReviews: true -->
    <div class="reviews">
        
            <a class="numberOfReviews" href="http://www.sainsburys.co.uk/shop/gb/groceries/sainsburys-chilli-with-coriander-rice--taste-the-difference-450g#reviews">
                <img src="http://c2.sainsburys.co.uk/wcsstore7.20.1.145/SainsburysStorefrontAssetStore/img/stars/rating-3_3.gif" alt="3.3" border="0">  
                Reviews (10)
            </a>
        
    </div>
<!-- END CatalogEntryRatingsReviewsInfo.jspf -->
	                    </div>
	                    <!--ThumbnailRestriction -->
	                </div>
	         	
	                <div class="addToTrolleytabBox">
	                <!-- addToTrolleytabBox LIST VIEW--><!-- Start UserSubscribedOrNot.jspf --><!-- Start UserSubscribedOrNot.jsp --><!-- 
			If the user is not logged in, render this opening 
			DIV adding an addtional class to fix the border top which is removed 
			and replaced by the tabs
		-->
		<div class="addToTrolleytabContainer addItemBorderTop">
	<!-- End AddToSubscriptionList.jsp --><!-- End AddSubscriptionList.jspf --><!-- 
	                        ATTENTION!!!
	                        <div class="addToTrolleytabContainer">
	                        This opening div is inside "../../ReusableObjects/UserSubscribedOrNot.jsp"
	                        -->
	                	<div class="pricingAndTrolleyOptions">	
	    	                <div class="priceTab activeContainer priceTabContainer" id="addItem_434833">	
	    	                    <div class="pricing">
	    	                        
	<p class="pricePerUnit">
    £3.00<abbr title="per">/</abbr><abbr title="unit"><span class="pricePerUnitUnit">unit</span></abbr>
</p>
 
    <p class="pricePerMeasure">£6.67<abbr title="per">/</abbr><abbr title="kilogram"><span class="pricePerMeasureMeasure">kg</span></abbr>
    </p>
 
	                                	
	    	                    </div>	
	    	                    	
	    	                                <div class="addToTrolleyForm ">	
	    	                                    <!-- BEGIN AddToTrolley.jsp -->

		<form class="addToTrolleyForm" name="OrderItemAddForm_434833" action="OrderItemAdd" method="post" id="OrderItemAddForm_434833">
		    <input type="hidden" name="storeId" value="10151"><input type="hidden" name="langId" value="44"><input type="hidden" name="catalogId" value="10241"><input type="hidden" name="errorViewName" value="PromotionDisplayView"><input type="hidden" name="SKU_ID" value="6288325"><input type="hidden" name="itemType" value=""><label class="access" for="quantity_434832">Quantity</label>
		        
					<input name="quantity" id="quantity_434832" type="text" size="3" value="1" class="quantity"><input type="hidden" name="catEntryId" value="434833"><input type="hidden" name="productId" value="434832"><input type="hidden" name="URL" value="http://www.sainsburys.co.uk/webapp/wcs/stores/servlet/PromotionDisplayView?msg=&amp;langId=44&amp;productId=434834&amp;storeId=10151&amp;krypto=Eslh5J0CB%2B9%2B%2F%2B33Ip0V5Dtfnw26s2%2FmGA4XwtmG%2Bb%2BBx4jHBxftnCmY2F62Bc%2F7LlaH%2B2%2BBJMeNWZCrAbkA3EW0GFs0eMJEzDO7gDfXIvTL91roOf6knthvirHe8NH91cuJGyIXKbUs23Qgp4rbP3JFZY%2BDn6LjNTEtJ08pMll1%2B6bKea6d6QdC6F4keXiUKGhx31U8d%2FZ7pRTkr9FIDw%3D%3D&amp;ddkey=http%3APromotionDisplayView"><input type="hidden" name="page" value=""><input type="hidden" name="contractId" value=""><input type="hidden" name="calculateOrder" value="1"><input type="hidden" name="calculationUsage" value="-1,-2,-3"><input type="hidden" name="updateable" value="1"><input type="hidden" name="merge" value="***"><input type="hidden" name="callAjax" value="false"><input class="button process" type="submit" name="Add" value="Add">
</form>
	<!-- END AddToTrolley.jsp -->
        <div class="numberInTrolley hidden numberInTrolley_434832" id="numberInTrolley_434832">
            
        </div>
     
	    	                                </div>	
	    	                            
	                        </div>
<!-- END priceTabContainer Add container --><!-- Subscribe container --><!-- Start AddToSubscriptionList.jspf --><!-- Start AddToSubscriptionList.jsp --><!-- End AddToSubscriptionList.jsp --><!-- End AddToSubscriptionList.jspf -->	
	                    </div>	
	                </div>	
	            </div>
            </div> 	
        	</div> 
	        <div id="additionalItems_434833" class="additionalItems">
		    	<!-- BEGIN MerchandisingAssociationsDisplay.jsp --><!-- Start - JSP File Name:  MerchandisingAssociationsDisplay.jsp --><!-- END MerchandisingAssociationsDisplay.jsp -->	 
		    </div> 

	    <!-- END CatalogEntryThumbnailDisplay.jsp -->
                                    </li>
                                
                                    <li>
                                        
	                                                <div class="trolleySummary"><p class="savings">
	                                                         <!-- BEGIN include/PromotionStrapline.jspf -->Only £3.00: Save 60p<br><!-- FINISH include/PromotionStrapline.jspf --></p></div>
	                                            <!-- BEGIN CatalogEntryThumbnailDisplay.jsp --><!-- BEGIN MerchandisingAssociationsDisplay.jsp --><!-- Start - JSP File Name:  MerchandisingAssociationsDisplay.jsp --><!-- END MerchandisingAssociationsDisplay.jsp -->
	        <div class="errorBanner hidden" id="error434855"></div>
	        
	        <div class="product ">
	            <div class="productInner">
	                <div class="productInfoWrapper">
	                    <div class="productInfo">
	                        
	                                <h3>
	                                    <a href="http://www.sainsburys.co.uk/shop/gb/groceries/sainsburys-beef-stroganoff---herb-rice--taste-the-difference-450g">
	                                        Sainsbury's Beef Steak Stroganoff &amp; Herb Rice, Taste the Difference 450g (Serves 1)
	                                        <img src="http://c2.sainsburys.co.uk/wcsstore7.20.1.145/ExtendedSitesCatalogAssetStore/images/catalog/productImages/92/0000001305692/0000001305692_M.jpeg" alt=""></a>
	                                </h3>
	                            
							<div class="ThumbnailRoundel">
							<!--ThumbnailRoundel --> 
							</div>
							<div class="promoBages">
								<!-- PROMOTION -->
							</div>

	
	                        <!-- Review --><!-- BEGIN CatalogEntryRatingsReviewsInfo.jspf --><!-- productAllowedRatingsAndReviews: true -->
    <div class="reviews">
        
            <a class="numberOfReviews" href="http://www.sainsburys.co.uk/shop/gb/groceries/sainsburys-beef-stroganoff---herb-rice--taste-the-difference-450g#reviews">
                <img src="http://c2.sainsburys.co.uk/wcsstore7.20.1.145/SainsburysStorefrontAssetStore/img/stars/rating-3_2.gif" alt="3.1818" border="0">  
                Reviews (11)
            </a>
        
    </div>
<!-- END CatalogEntryRatingsReviewsInfo.jspf -->
	                    </div>
	                    <!--ThumbnailRestriction -->
	                </div>
	         	
	                <div class="addToTrolleytabBox">
	                <!-- addToTrolleytabBox LIST VIEW--><!-- Start UserSubscribedOrNot.jspf --><!-- Start UserSubscribedOrNot.jsp --><!-- 
			If the user is not logged in, render this opening 
			DIV adding an addtional class to fix the border top which is removed 
			and replaced by the tabs
		-->
		<div class="addToTrolleytabContainer addItemBorderTop">
	<!-- End AddToSubscriptionList.jsp --><!-- End AddSubscriptionList.jspf --><!-- 
	                        ATTENTION!!!
	                        <div class="addToTrolleytabContainer">
	                        This opening div is inside "../../ReusableObjects/UserSubscribedOrNot.jsp"
	                        -->
	                	<div class="pricingAndTrolleyOptions">	
	    	                <div class="priceTab activeContainer priceTabContainer" id="addItem_434855">	
	    	                    <div class="pricing">
	    	                        
	<p class="pricePerUnit">
    £3.00<abbr title="per">/</abbr><abbr title="unit"><span class="pricePerUnitUnit">unit</span></abbr>
</p>
 
    <p class="pricePerMeasure">£6.67<abbr title="per">/</abbr><abbr title="kilogram"><span class="pricePerMeasureMeasure">kg</span></abbr>
    </p>
 
	                                	
	    	                    </div>	
	    	                    	
	    	                                <div class="addToTrolleyForm ">	
	    	                                    <!-- BEGIN AddToTrolley.jsp -->

		<form class="addToTrolleyForm" name="OrderItemAddForm_434855" action="OrderItemAdd" method="post" id="OrderItemAddForm_434855">
		    <input type="hidden" name="storeId" value="10151"><input type="hidden" name="langId" value="44"><input type="hidden" name="catalogId" value="10241"><input type="hidden" name="errorViewName" value="PromotionDisplayView"><input type="hidden" name="SKU_ID" value="6385906"><input type="hidden" name="itemType" value=""><label class="access" for="quantity_434854">Quantity</label>
		        
					<input name="quantity" id="quantity_434854" type="text" size="3" value="1" class="quantity"><input type="hidden" name="catEntryId" value="434855"><input type="hidden" name="productId" value="434854"><input type="hidden" name="URL" value="http://www.sainsburys.co.uk/webapp/wcs/stores/servlet/PromotionDisplayView?msg=&amp;langId=44&amp;productId=434834&amp;storeId=10151&amp;krypto=Eslh5J0CB%2B9%2B%2F%2B33Ip0V5Dtfnw26s2%2FmGA4XwtmG%2Bb%2BBx4jHBxftnCmY2F62Bc%2F7LlaH%2B2%2BBJMeNWZCrAbkA3EW0GFs0eMJEzDO7gDfXIvTL91roOf6knthvirHe8NH91cuJGyIXKbUs23Qgp4rbP3JFZY%2BDn6LjNTEtJ08pMll1%2B6bKea6d6QdC6F4keXiUKGhx31U8d%2FZ7pRTkr9FIDw%3D%3D&amp;ddkey=http%3APromotionDisplayView"><input type="hidden" name="page" value=""><input type="hidden" name="contractId" value=""><input type="hidden" name="calculateOrder" value="1"><input type="hidden" name="calculationUsage" value="-1,-2,-3"><input type="hidden" name="updateable" value="1"><input type="hidden" name="merge" value="***"><input type="hidden" name="callAjax" value="false"><input class="button process" type="submit" name="Add" value="Add">
</form>
	<!-- END AddToTrolley.jsp -->
        <div class="numberInTrolley hidden numberInTrolley_434854" id="numberInTrolley_434854">
            
        </div>
     
	    	                                </div>	
	    	                            
	                        </div>
<!-- END priceTabContainer Add container --><!-- Subscribe container --><!-- Start AddToSubscriptionList.jspf --><!-- Start AddToSubscriptionList.jsp --><!-- End AddToSubscriptionList.jsp --><!-- End AddToSubscriptionList.jspf -->	
	                    </div>	
	                </div>	
	            </div>
            </div> 	
        	</div> 
	        <div id="additionalItems_434855" class="additionalItems">
		    	<!-- BEGIN MerchandisingAssociationsDisplay.jsp --><!-- Start - JSP File Name:  MerchandisingAssociationsDisplay.jsp --><!-- END MerchandisingAssociationsDisplay.jsp -->	 
		    </div> 

	    <!-- END CatalogEntryThumbnailDisplay.jsp -->
                                    </li>
                                
                                    <li>
                                        
	                                                <div class="trolleySummary"><p class="savings">
	                                                         <!-- BEGIN include/PromotionStrapline.jspf -->Only £3.00: Save 60p<br><!-- FINISH include/PromotionStrapline.jspf --></p></div>
	                                            <!-- BEGIN CatalogEntryThumbnailDisplay.jsp --><!-- BEGIN MerchandisingAssociationsDisplay.jsp --><!-- Start - JSP File Name:  MerchandisingAssociationsDisplay.jsp --><!-- END MerchandisingAssociationsDisplay.jsp -->
	        <div class="errorBanner hidden" id="error1033751"></div>
	        
	        <div class="product ">
	            <div class="productInner">
	                <div class="productInfoWrapper">
	                    <div class="productInfo">
	                        
	                                <h3>
	                                    <a href="http://www.sainsburys.co.uk/shop/gb/groceries/sainsburys-steak-hash--taste-the-difference-400g-7802821-p-44">
	                                        Sainsbury's British Steak Hash in London Porter Gravy, Taste the Difference 400g (Serves 1)
	                                        <img src="http://c2.sainsburys.co.uk/wcsstore7.20.1.145/ExtendedSitesCatalogAssetStore/images/catalog/productImages/32/0000000242332/0000000242332_M.jpeg" alt=""></a>
	                                </h3>
	                            
							<div class="ThumbnailRoundel">
							<!--ThumbnailRoundel --> 
							</div>
							<div class="promoBages">
								<!-- PROMOTION -->
							</div>

	
	                        <!-- Review --><!-- BEGIN CatalogEntryRatingsReviewsInfo.jspf --><!-- productAllowedRatingsAndReviews: true -->
    <div class="reviews">
        
            <a class="numberOfReviews" href="http://www.sainsburys.co.uk/shop/gb/groceries/sainsburys-steak-hash--taste-the-difference-400g-7802821-p-44#reviews">
                <img src="http://c2.sainsburys.co.uk/wcsstore7.20.1.145/SainsburysStorefrontAssetStore/img/stars/rating-3_6.gif" alt="3.5556" border="0">  
                Reviews (9)
            </a>
        
    </div>
<!-- END CatalogEntryRatingsReviewsInfo.jspf -->
	                    </div>
	                    <!--ThumbnailRestriction -->
	                </div>
	         	
	                <div class="addToTrolleytabBox">
	                <!-- addToTrolleytabBox LIST VIEW--><!-- Start UserSubscribedOrNot.jspf --><!-- Start UserSubscribedOrNot.jsp --><!-- 
			If the user is not logged in, render this opening 
			DIV adding an addtional class to fix the border top which is removed 
			and replaced by the tabs
		-->
		<div class="addToTrolleytabContainer addItemBorderTop">
	<!-- End AddToSubscriptionList.jsp --><!-- End AddSubscriptionList.jspf --><!-- 
	                        ATTENTION!!!
	                        <div class="addToTrolleytabContainer">
	                        This opening div is inside "../../ReusableObjects/UserSubscribedOrNot.jsp"
	                        -->
	                	<div class="pricingAndTrolleyOptions">	
	    	                <div class="priceTab activeContainer priceTabContainer" id="addItem_1033751">	
	    	                    <div class="pricing">
	    	                        
	<p class="pricePerUnit">
    £3.00<abbr title="per">/</abbr><abbr title="unit"><span class="pricePerUnitUnit">unit</span></abbr>
</p>
 
    <p class="pricePerMeasure">£7.50<abbr title="per">/</abbr><abbr title="kilogram"><span class="pricePerMeasureMeasure">kg</span></abbr>
    </p>
 
	                                	
	    	                    </div>	
	    	                    	
	    	                                <div class="addToTrolleyForm ">	
	    	                                    <!-- BEGIN AddToTrolley.jsp -->

		<form class="addToTrolleyForm" name="OrderItemAddForm_1033751" action="OrderItemAdd" method="post" id="OrderItemAddForm_1033751">
		    <input type="hidden" name="storeId" value="10151"><input type="hidden" name="langId" value="44"><input type="hidden" name="catalogId" value="10241"><input type="hidden" name="errorViewName" value="PromotionDisplayView"><input type="hidden" name="SKU_ID" value="7802821"><input type="hidden" name="itemType" value=""><label class="access" for="quantity_1033750">Quantity</label>
		        
					<input name="quantity" id="quantity_1033750" type="text" size="3" value="1" class="quantity"><input type="hidden" name="catEntryId" value="1033751"><input type="hidden" name="productId" value="1033750"><input type="hidden" name="URL" value="http://www.sainsburys.co.uk/webapp/wcs/stores/servlet/PromotionDisplayView?msg=&amp;langId=44&amp;productId=434834&amp;storeId=10151&amp;krypto=Eslh5J0CB%2B9%2B%2F%2B33Ip0V5Dtfnw26s2%2FmGA4XwtmG%2Bb%2BBx4jHBxftnCmY2F62Bc%2F7LlaH%2B2%2BBJMeNWZCrAbkA3EW0GFs0eMJEzDO7gDfXIvTL91roOf6knthvirHe8NH91cuJGyIXKbUs23Qgp4rbP3JFZY%2BDn6LjNTEtJ08pMll1%2B6bKea6d6QdC6F4keXiUKGhx31U8d%2FZ7pRTkr9FIDw%3D%3D&amp;ddkey=http%3APromotionDisplayView"><input type="hidden" name="page" value=""><input type="hidden" name="contractId" value=""><input type="hidden" name="calculateOrder" value="1"><input type="hidden" name="calculationUsage" value="-1,-2,-3"><input type="hidden" name="updateable" value="1"><input type="hidden" name="merge" value="***"><input type="hidden" name="callAjax" value="false"><input class="button process" type="submit" name="Add" value="Add">
</form>
	<!-- END AddToTrolley.jsp -->
        <div class="numberInTrolley hidden numberInTrolley_1033750" id="numberInTrolley_1033750">
            
        </div>
     
	    	                                </div>	
	    	                            
	                        </div>
<!-- END priceTabContainer Add container --><!-- Subscribe container --><!-- Start AddToSubscriptionList.jspf --><!-- Start AddToSubscriptionList.jsp --><!-- End AddToSubscriptionList.jsp --><!-- End AddToSubscriptionList.jspf -->	
	                    </div>	
	                </div>	
	            </div>
            </div> 	
        	</div> 
	        <div id="additionalItems_1033751" class="additionalItems">
		    	<!-- BEGIN MerchandisingAssociationsDisplay.jsp --><!-- Start - JSP File Name:  MerchandisingAssociationsDisplay.jsp --><!-- END MerchandisingAssociationsDisplay.jsp -->	 
		    </div> 

	    <!-- END CatalogEntryThumbnailDisplay.jsp -->
                                    </li>
                                
                                    <li>
                                        
	                                                <div class="trolleySummary"><p class="savings">
	                                                         <!-- BEGIN include/PromotionStrapline.jspf -->Only £3.00: Save 60p<br><!-- FINISH include/PromotionStrapline.jspf --></p></div>
	                                            <!-- BEGIN CatalogEntryThumbnailDisplay.jsp --><!-- BEGIN MerchandisingAssociationsDisplay.jsp --><!-- Start - JSP File Name:  MerchandisingAssociationsDisplay.jsp --><!-- END MerchandisingAssociationsDisplay.jsp -->
	        <div class="errorBanner hidden" id="error1033743"></div>
	        
	        <div class="product ">
	            <div class="productInner">
	                <div class="productInfoWrapper">
	                    <div class="productInfo">
	                        
	                                <h3>
	                                    <a href="http://www.sainsburys.co.uk/shop/gb/groceries/sainsburys-butternut-squash---mush-risotto--taste-the-difference-400g">
	                                        Sainsbury's Butternut Squash Risotto with Roasted Mushrooms, Taste the Difference 400g (Serves 1)
	                                        <img src="http://c2.sainsburys.co.uk/wcsstore7.20.1.145/ExtendedSitesCatalogAssetStore/images/catalog/productImages/71/0000000242271/0000000242271_M.jpeg" alt=""></a>
	                                </h3>
	                            
							<div class="ThumbnailRoundel">
							<!--ThumbnailRoundel --> 
							</div>
							<div class="promoBages">
								<!-- PROMOTION -->
    
    <div class="badges">
        <ul>
<li class="lastchild">

                        
                        
                        <img src="/wcsstore7.20.1.145/SainsburysStorefrontAssetStore/wcassets/icons/ico_spacer.gif" alt="Vegetarian">
</li>
                
        </ul>
</div>

							</div>

	
	                        <!-- Review --><!-- BEGIN CatalogEntryRatingsReviewsInfo.jspf --><!-- productAllowedRatingsAndReviews: true -->
    <div class="reviews">
        
            <a class="numberOfReviews" href="http://www.sainsburys.co.uk/shop/gb/groceries/sainsburys-butternut-squash---mush-risotto--taste-the-difference-400g#reviews">
                <img src="http://c2.sainsburys.co.uk/wcsstore7.20.1.145/SainsburysStorefrontAssetStore/img/stars/rating-5_0.gif" alt="5.0" border="0">  
                Reviews (1)
            </a>
        
    </div>
<!-- END CatalogEntryRatingsReviewsInfo.jspf -->
	                    </div>
	                    <!--ThumbnailRestriction -->
	                </div>
	         	
	                <div class="addToTrolleytabBox">
	                <!-- addToTrolleytabBox LIST VIEW--><!-- Start UserSubscribedOrNot.jspf --><!-- Start UserSubscribedOrNot.jsp --><!-- 
			If the user is not logged in, render this opening 
			DIV adding an addtional class to fix the border top which is removed 
			and replaced by the tabs
		-->
		<div class="addToTrolleytabContainer addItemBorderTop">
	<!-- End AddToSubscriptionList.jsp --><!-- End AddSubscriptionList.jspf --><!-- 
	                        ATTENTION!!!
	                        <div class="addToTrolleytabContainer">
	                        This opening div is inside "../../ReusableObjects/UserSubscribedOrNot.jsp"
	                        -->
	                	<div class="pricingAndTrolleyOptions">	
	    	                <div class="priceTab activeContainer priceTabContainer" id="addItem_1033743">	
	    	                    <div class="pricing">
	    	                        
	<p class="pricePerUnit">
    £3.00<abbr title="per">/</abbr><abbr title="unit"><span class="pricePerUnitUnit">unit</span></abbr>
</p>
 
    <p class="pricePerMeasure">£7.50<abbr title="per">/</abbr><abbr title="kilogram"><span class="pricePerMeasureMeasure">kg</span></abbr>
    </p>
 
	                                	
	    	                    </div>	
	    	                    	
	    	                                <div class="addToTrolleyForm ">	
	    	                                    <!-- BEGIN AddToTrolley.jsp -->

		<form class="addToTrolleyForm" name="OrderItemAddForm_1033743" action="OrderItemAdd" method="post" id="OrderItemAddForm_1033743">
		    <input type="hidden" name="storeId" value="10151"><input type="hidden" name="langId" value="44"><input type="hidden" name="catalogId" value="10241"><input type="hidden" name="errorViewName" value="PromotionDisplayView"><input type="hidden" name="SKU_ID" value="7802780"><input type="hidden" name="itemType" value=""><label class="access" for="quantity_1033742">Quantity</label>
		        
					<input name="quantity" id="quantity_1033742" type="text" size="3" value="1" class="quantity"><input type="hidden" name="catEntryId" value="1033743"><input type="hidden" name="productId" value="1033742"><input type="hidden" name="URL" value="http://www.sainsburys.co.uk/webapp/wcs/stores/servlet/PromotionDisplayView?msg=&amp;langId=44&amp;productId=434834&amp;storeId=10151&amp;krypto=Eslh5J0CB%2B9%2B%2F%2B33Ip0V5Dtfnw26s2%2FmGA4XwtmG%2Bb%2BBx4jHBxftnCmY2F62Bc%2F7LlaH%2B2%2BBJMeNWZCrAbkA3EW0GFs0eMJEzDO7gDfXIvTL91roOf6knthvirHe8NH91cuJGyIXKbUs23Qgp4rbP3JFZY%2BDn6LjNTEtJ08pMll1%2B6bKea6d6QdC6F4keXiUKGhx31U8d%2FZ7pRTkr9FIDw%3D%3D&amp;ddkey=http%3APromotionDisplayView"><input type="hidden" name="page" value=""><input type="hidden" name="contractId" value=""><input type="hidden" name="calculateOrder" value="1"><input type="hidden" name="calculationUsage" value="-1,-2,-3"><input type="hidden" name="updateable" value="1"><input type="hidden" name="merge" value="***"><input type="hidden" name="callAjax" value="false"><input class="button process" type="submit" name="Add" value="Add">
</form>
	<!-- END AddToTrolley.jsp -->
        <div class="numberInTrolley hidden numberInTrolley_1033742" id="numberInTrolley_1033742">
            
        </div>
     
	    	                                </div>	
	    	                            
	                        </div>
<!-- END priceTabContainer Add container --><!-- Subscribe container --><!-- Start AddToSubscriptionList.jspf --><!-- Start AddToSubscriptionList.jsp --><!-- End AddToSubscriptionList.jsp --><!-- End AddToSubscriptionList.jspf -->	
	                    </div>	
	                </div>	
	            </div>
            </div> 	
        	</div> 
	        <div id="additionalItems_1033743" class="additionalItems">
		    	<!-- BEGIN MerchandisingAssociationsDisplay.jsp --><!-- Start - JSP File Name:  MerchandisingAssociationsDisplay.jsp --><!-- END MerchandisingAssociationsDisplay.jsp -->	 
		    </div> 

	    <!-- END CatalogEntryThumbnailDisplay.jsp -->
                                    </li>
                                
                                    <li>
                                        
	                                                <div class="trolleySummary"><p class="savings">
	                                                         <!-- BEGIN include/PromotionStrapline.jspf -->Only £3.00: Save 60p<br><!-- FINISH include/PromotionStrapline.jspf --></p></div>
	                                            <!-- BEGIN CatalogEntryThumbnailDisplay.jsp --><!-- BEGIN MerchandisingAssociationsDisplay.jsp --><!-- Start - JSP File Name:  MerchandisingAssociationsDisplay.jsp --><!-- END MerchandisingAssociationsDisplay.jsp -->
	        <div class="errorBanner hidden" id="error434865"></div>
	        
	        <div class="product ">
	            <div class="productInner">
	                <div class="productInfoWrapper">
	                    <div class="productInfo">
	                        
	                                <h3>
	                                    <a href="http://www.sainsburys.co.uk/shop/gb/groceries/sainsburys-paella--taste-the-difference-400g-7168029-p-44">
	                                        Sainsbury's Chicken &amp; King Prawn Paella, Taste the Difference 400g (Serves 1)
	                                        <img src="http://c2.sainsburys.co.uk/wcsstore7.20.1.145/ExtendedSitesCatalogAssetStore/images/catalog/productImages/88/0000001693188/0000001693188_M.jpeg" alt=""></a>
	                                </h3>
	                            
							<div class="ThumbnailRoundel">
							<!--ThumbnailRoundel --> 
							</div>
							<div class="promoBages">
								<!-- PROMOTION -->
							</div>

	
	                        <!-- Review --><!-- BEGIN CatalogEntryRatingsReviewsInfo.jspf --><!-- productAllowedRatingsAndReviews: true -->
    <div class="reviews">
        
            <a class="numberOfReviews" href="http://www.sainsburys.co.uk/shop/gb/groceries/sainsburys-paella--taste-the-difference-400g-7168029-p-44#reviews">
                <img src="http://c2.sainsburys.co.uk/wcsstore7.20.1.145/SainsburysStorefrontAssetStore/img/stars/rating-2_9.gif" alt="2.875" border="0">  
                Reviews (8)
            </a>
        
    </div>
<!-- END CatalogEntryRatingsReviewsInfo.jspf -->
	                    </div>
	                    <!--ThumbnailRestriction -->
	                </div>
	         	
	                <div class="addToTrolleytabBox">
	                <!-- addToTrolleytabBox LIST VIEW--><!-- Start UserSubscribedOrNot.jspf --><!-- Start UserSubscribedOrNot.jsp --><!-- 
			If the user is not logged in, render this opening 
			DIV adding an addtional class to fix the border top which is removed 
			and replaced by the tabs
		-->
		<div class="addToTrolleytabContainer addItemBorderTop">
	<!-- End AddToSubscriptionList.jsp --><!-- End AddSubscriptionList.jspf --><!-- 
	                        ATTENTION!!!
	                        <div class="addToTrolleytabContainer">
	                        This opening div is inside "../../ReusableObjects/UserSubscribedOrNot.jsp"
	                        -->
	                	<div class="pricingAndTrolleyOptions">	
	    	                <div class="priceTab activeContainer priceTabContainer" id="addItem_434865">	
	    	                    <div class="pricing">
	    	                        
	<p class="pricePerUnit">
    £3.00<abbr title="per">/</abbr><abbr title="unit"><span class="pricePerUnitUnit">unit</span></abbr>
</p>
 
    <p class="pricePerMeasure">£7.50<abbr title="per">/</abbr><abbr title="kilogram"><span class="pricePerMeasureMeasure">kg</span></abbr>
    </p>
 
	                                	
	    	                    </div>	
	    	                    	
	    	                                <div class="addToTrolleyForm ">	
	    	                                    <!-- BEGIN AddToTrolley.jsp -->

		<form class="addToTrolleyForm" name="OrderItemAddForm_434865" action="OrderItemAdd" method="post" id="OrderItemAddForm_434865">
		    <input type="hidden" name="storeId" value="10151"><input type="hidden" name="langId" value="44"><input type="hidden" name="catalogId" value="10241"><input type="hidden" name="errorViewName" value="PromotionDisplayView"><input type="hidden" name="SKU_ID" value="7168029"><input type="hidden" name="itemType" value=""><label class="access" for="quantity_434864">Quantity</label>
		        
					<input name="quantity" id="quantity_434864" type="text" size="3" value="1" class="quantity"><input type="hidden" name="catEntryId" value="434865"><input type="hidden" name="productId" value="434864"><input type="hidden" name="URL" value="http://www.sainsburys.co.uk/webapp/wcs/stores/servlet/PromotionDisplayView?msg=&amp;langId=44&amp;productId=434834&amp;storeId=10151&amp;krypto=Eslh5J0CB%2B9%2B%2F%2B33Ip0V5Dtfnw26s2%2FmGA4XwtmG%2Bb%2BBx4jHBxftnCmY2F62Bc%2F7LlaH%2B2%2BBJMeNWZCrAbkA3EW0GFs0eMJEzDO7gDfXIvTL91roOf6knthvirHe8NH91cuJGyIXKbUs23Qgp4rbP3JFZY%2BDn6LjNTEtJ08pMll1%2B6bKea6d6QdC6F4keXiUKGhx31U8d%2FZ7pRTkr9FIDw%3D%3D&amp;ddkey=http%3APromotionDisplayView"><input type="hidden" name="page" value=""><input type="hidden" name="contractId" value=""><input type="hidden" name="calculateOrder" value="1"><input type="hidden" name="calculationUsage" value="-1,-2,-3"><input type="hidden" name="updateable" value="1"><input type="hidden" name="merge" value="***"><input type="hidden" name="callAjax" value="false"><input class="button process" type="submit" name="Add" value="Add">
</form>
	<!-- END AddToTrolley.jsp -->
        <div class="numberInTrolley hidden numberInTrolley_434864" id="numberInTrolley_434864">
            
        </div>
     
	    	                                </div>	
	    	                            
	                        </div>
<!-- END priceTabContainer Add container --><!-- Subscribe container --><!-- Start AddToSubscriptionList.jspf --><!-- Start AddToSubscriptionList.jsp --><!-- End AddToSubscriptionList.jsp --><!-- End AddToSubscriptionList.jspf -->	
	                    </div>	
	                </div>	
	            </div>
            </div> 	
        	</div> 
	        <div id="additionalItems_434865" class="additionalItems">
		    	<!-- BEGIN MerchandisingAssociationsDisplay.jsp --><!-- Start - JSP File Name:  MerchandisingAssociationsDisplay.jsp --><!-- END MerchandisingAssociationsDisplay.jsp -->	 
		    </div> 

	    <!-- END CatalogEntryThumbnailDisplay.jsp -->
                                    </li>
                                
                                    <li>
                                        
	                                                <div class="trolleySummary"><p class="savings">
	                                                         <!-- BEGIN include/PromotionStrapline.jspf -->Only £3.00: Save 60p<br><!-- FINISH include/PromotionStrapline.jspf --></p></div>
	                                            <!-- BEGIN CatalogEntryThumbnailDisplay.jsp --><!-- BEGIN MerchandisingAssociationsDisplay.jsp --><!-- Start - JSP File Name:  MerchandisingAssociationsDisplay.jsp --><!-- END MerchandisingAssociationsDisplay.jsp -->
	        <div class="errorBanner hidden" id="error434913"></div>
	        
	        <div class="product ">
	            <div class="productInner">
	                <div class="productInfoWrapper">
	                    <div class="productInfo">
	                        
	                                <h3>
	                                    <a href="http://www.sainsburys.co.uk/shop/gb/groceries/sainsburys-chicken-dijonnaise--taste-the-difference-400g-7583049-p-44">
	                                        Sainsbury's Chicken Dijonnaise, Taste the Difference 400g (Serves 1)
	                                        <img src="http://c2.sainsburys.co.uk/wcsstore7.20.1.145/ExtendedSitesCatalogAssetStore/images/catalog/productImages/83/0000001857283/0000001857283_M.jpeg" alt=""></a>
	                                </h3>
	                            
							<div class="ThumbnailRoundel">
							<!--ThumbnailRoundel --> 
							</div>
							<div class="promoBages">
								<!-- PROMOTION -->
							</div>

	
	                        <!-- Review --><!-- BEGIN CatalogEntryRatingsReviewsInfo.jspf --><!-- productAllowedRatingsAndReviews: true -->
    <div class="reviews">
        
            <a class="numberOfReviews" href="http://www.sainsburys.co.uk/shop/gb/groceries/sainsburys-chicken-dijonnaise--taste-the-difference-400g-7583049-p-44#reviews">
                <img src="http://c2.sainsburys.co.uk/wcsstore7.20.1.145/SainsburysStorefrontAssetStore/img/stars/rating-3_6.gif" alt="3.625" border="0">  
                Reviews (8)
            </a>
        
    </div>
<!-- END CatalogEntryRatingsReviewsInfo.jspf -->
	                    </div>
	                    <!--ThumbnailRestriction -->
	                </div>
	         	
	                <div class="addToTrolleytabBox">
	                <!-- addToTrolleytabBox LIST VIEW--><!-- Start UserSubscribedOrNot.jspf --><!-- Start UserSubscribedOrNot.jsp --><!-- 
			If the user is not logged in, render this opening 
			DIV adding an addtional class to fix the border top which is removed 
			and replaced by the tabs
		-->
		<div class="addToTrolleytabContainer addItemBorderTop">
	<!-- End AddToSubscriptionList.jsp --><!-- End AddSubscriptionList.jspf --><!-- 
	                        ATTENTION!!!
	                        <div class="addToTrolleytabContainer">
	                        This opening div is inside "../../ReusableObjects/UserSubscribedOrNot.jsp"
	                        -->
	                	<div class="pricingAndTrolleyOptions">	
	    	                <div class="priceTab activeContainer priceTabContainer" id="addItem_434913">	
	    	                    <div class="pricing">
	    	                        
	<p class="pricePerUnit">
    £3.00<abbr title="per">/</abbr><abbr title="unit"><span class="pricePerUnitUnit">unit</span></abbr>
</p>
 
    <p class="pricePerMeasure">£7.50<abbr title="per">/</abbr><abbr title="kilogram"><span class="pricePerMeasureMeasure">kg</span></abbr>
    </p>
 
	                                	
	    	                    </div>	
	    	                    	
	    	                                <div class="addToTrolleyForm ">	
	    	                                    <!-- BEGIN AddToTrolley.jsp -->

		<form class="addToTrolleyForm" name="OrderItemAddForm_434913" action="OrderItemAdd" method="post" id="OrderItemAddForm_434913">
		    <input type="hidden" name="storeId" value="10151"><input type="hidden" name="langId" value="44"><input type="hidden" name="catalogId" value="10241"><input type="hidden" name="errorViewName" value="PromotionDisplayView"><input type="hidden" name="SKU_ID" value="7583049"><input type="hidden" name="itemType" value=""><label class="access" for="quantity_434912">Quantity</label>
		        
					<input name="quantity" id="quantity_434912" type="text" size="3" value="1" class="quantity"><input type="hidden" name="catEntryId" value="434913"><input type="hidden" name="productId" value="434912"><input type="hidden" name="URL" value="http://www.sainsburys.co.uk/webapp/wcs/stores/servlet/PromotionDisplayView?msg=&amp;langId=44&amp;productId=434834&amp;storeId=10151&amp;krypto=Eslh5J0CB%2B9%2B%2F%2B33Ip0V5Dtfnw26s2%2FmGA4XwtmG%2Bb%2BBx4jHBxftnCmY2F62Bc%2F7LlaH%2B2%2BBJMeNWZCrAbkA3EW0GFs0eMJEzDO7gDfXIvTL91roOf6knthvirHe8NH91cuJGyIXKbUs23Qgp4rbP3JFZY%2BDn6LjNTEtJ08pMll1%2B6bKea6d6QdC6F4keXiUKGhx31U8d%2FZ7pRTkr9FIDw%3D%3D&amp;ddkey=http%3APromotionDisplayView"><input type="hidden" name="page" value=""><input type="hidden" name="contractId" value=""><input type="hidden" name="calculateOrder" value="1"><input type="hidden" name="calculationUsage" value="-1,-2,-3"><input type="hidden" name="updateable" value="1"><input type="hidden" name="merge" value="***"><input type="hidden" name="callAjax" value="false"><input class="button process" type="submit" name="Add" value="Add">
</form>
	<!-- END AddToTrolley.jsp -->
        <div class="numberInTrolley hidden numberInTrolley_434912" id="numberInTrolley_434912">
            
        </div>
     
	    	                                </div>	
	    	                            
	                        </div>
<!-- END priceTabContainer Add container --><!-- Subscribe container --><!-- Start AddToSubscriptionList.jspf --><!-- Start AddToSubscriptionList.jsp --><!-- End AddToSubscriptionList.jsp --><!-- End AddToSubscriptionList.jspf -->	
	                    </div>	
	                </div>	
	            </div>
            </div> 	
        	</div> 
	        <div id="additionalItems_434913" class="additionalItems">
		    	<!-- BEGIN MerchandisingAssociationsDisplay.jsp --><!-- Start - JSP File Name:  MerchandisingAssociationsDisplay.jsp --><!-- END MerchandisingAssociationsDisplay.jsp -->	 
		    </div> 

	    <!-- END CatalogEntryThumbnailDisplay.jsp -->
                                    </li>
                                
                                    <li>
                                        
	                                                <div class="trolleySummary"><p class="savings">
	                                                         <!-- BEGIN include/PromotionStrapline.jspf -->Only £3.00: Save 60p<br><!-- FINISH include/PromotionStrapline.jspf --></p></div>
	                                            <!-- BEGIN CatalogEntryThumbnailDisplay.jsp --><!-- BEGIN MerchandisingAssociationsDisplay.jsp --><!-- Start - JSP File Name:  MerchandisingAssociationsDisplay.jsp --><!-- END MerchandisingAssociationsDisplay.jsp -->
	        <div class="errorBanner hidden" id="error490901"></div>
	        
	        <div class="product ">
	            <div class="productInner">
	                <div class="productInfoWrapper">
	                    <div class="productInfo">
	                        
	                                <h3>
	                                    <a href="http://www.sainsburys.co.uk/shop/gb/groceries/sainsburys-chicken---mushroom-marsala--taste-the-difference-400g">
	                                        Sainsbury's Chicken in a Creamy Mushroom &amp; Marsala Sauce, Taste the Difference 400g (Serves 1)
	                                        <img src="http://c2.sainsburys.co.uk/wcsstore7.20.1.145/ExtendedSitesCatalogAssetStore/images/catalog/productImages/78/0000000135078/0000000135078_M.jpeg" alt=""></a>
	                                </h3>
	                            
							<div class="ThumbnailRoundel">
							<!--ThumbnailRoundel --> 
							</div>
							<div class="promoBages">
								<!-- PROMOTION -->
							</div>

	
	                        <!-- Review --><!-- BEGIN CatalogEntryRatingsReviewsInfo.jspf --><!-- productAllowedRatingsAndReviews: true -->
    <div class="reviews">
        
            <a class="numberOfReviews" href="http://www.sainsburys.co.uk/shop/gb/groceries/sainsburys-chicken---mushroom-marsala--taste-the-difference-400g#reviews">
                <img src="http://c2.sainsburys.co.uk/wcsstore7.20.1.145/SainsburysStorefrontAssetStore/img/stars/rating-4_3.gif" alt="4.3333" border="0">  
                Reviews (6)
            </a>
        
    </div>
<!-- END CatalogEntryRatingsReviewsInfo.jspf -->
	                    </div>
	                    <!--ThumbnailRestriction -->
	                </div>
	         	
	                <div class="addToTrolleytabBox">
	                <!-- addToTrolleytabBox LIST VIEW--><!-- Start UserSubscribedOrNot.jspf --><!-- Start UserSubscribedOrNot.jsp --><!-- 
			If the user is not logged in, render this opening 
			DIV adding an addtional class to fix the border top which is removed 
			and replaced by the tabs
		-->
		<div class="addToTrolleytabContainer addItemBorderTop">
	<!-- End AddToSubscriptionList.jsp --><!-- End AddSubscriptionList.jspf --><!-- 
	                        ATTENTION!!!
	                        <div class="addToTrolleytabContainer">
	                        This opening div is inside "../../ReusableObjects/UserSubscribedOrNot.jsp"
	                        -->
	                	<div class="pricingAndTrolleyOptions">	
	    	                <div class="priceTab activeContainer priceTabContainer" id="addItem_490901">	
	    	                    <div class="pricing">
	    	                        
	<p class="pricePerUnit">
    £3.00<abbr title="per">/</abbr><abbr title="unit"><span class="pricePerUnitUnit">unit</span></abbr>
</p>
 
    <p class="pricePerMeasure">£7.50<abbr title="per">/</abbr><abbr title="kilogram"><span class="pricePerMeasureMeasure">kg</span></abbr>
    </p>
 
	                                	
	    	                    </div>	
	    	                    	
	    	                                <div class="addToTrolleyForm ">	
	    	                                    <!-- BEGIN AddToTrolley.jsp -->

		<form class="addToTrolleyForm" name="OrderItemAddForm_490901" action="OrderItemAdd" method="post" id="OrderItemAddForm_490901">
		    <input type="hidden" name="storeId" value="10151"><input type="hidden" name="langId" value="44"><input type="hidden" name="catalogId" value="10241"><input type="hidden" name="errorViewName" value="PromotionDisplayView"><input type="hidden" name="SKU_ID" value="7658595"><input type="hidden" name="itemType" value=""><label class="access" for="quantity_490900">Quantity</label>
		        
					<input name="quantity" id="quantity_490900" type="text" size="3" value="1" class="quantity"><input type="hidden" name="catEntryId" value="490901"><input type="hidden" name="productId" value="490900"><input type="hidden" name="URL" value="http://www.sainsburys.co.uk/webapp/wcs/stores/servlet/PromotionDisplayView?msg=&amp;langId=44&amp;productId=434834&amp;storeId=10151&amp;krypto=Eslh5J0CB%2B9%2B%2F%2B33Ip0V5Dtfnw26s2%2FmGA4XwtmG%2Bb%2BBx4jHBxftnCmY2F62Bc%2F7LlaH%2B2%2BBJMeNWZCrAbkA3EW0GFs0eMJEzDO7gDfXIvTL91roOf6knthvirHe8NH91cuJGyIXKbUs23Qgp4rbP3JFZY%2BDn6LjNTEtJ08pMll1%2B6bKea6d6QdC6F4keXiUKGhx31U8d%2FZ7pRTkr9FIDw%3D%3D&amp;ddkey=http%3APromotionDisplayView"><input type="hidden" name="page" value=""><input type="hidden" name="contractId" value=""><input type="hidden" name="calculateOrder" value="1"><input type="hidden" name="calculationUsage" value="-1,-2,-3"><input type="hidden" name="updateable" value="1"><input type="hidden" name="merge" value="***"><input type="hidden" name="callAjax" value="false"><input class="button process" type="submit" name="Add" value="Add">
</form>
	<!-- END AddToTrolley.jsp -->
        <div class="numberInTrolley hidden numberInTrolley_490900" id="numberInTrolley_490900">
            
        </div>
     
	    	                                </div>	
	    	                            
	                        </div>
<!-- END priceTabContainer Add container --><!-- Subscribe container --><!-- Start AddToSubscriptionList.jspf --><!-- Start AddToSubscriptionList.jsp --><!-- End AddToSubscriptionList.jsp --><!-- End AddToSubscriptionList.jspf -->	
	                    </div>	
	                </div>	
	            </div>
            </div> 	
        	</div> 
	        <div id="additionalItems_490901" class="additionalItems">
		    	<!-- BEGIN MerchandisingAssociationsDisplay.jsp --><!-- Start - JSP File Name:  MerchandisingAssociationsDisplay.jsp --><!-- END MerchandisingAssociationsDisplay.jsp -->	 
		    </div> 

	    <!-- END CatalogEntryThumbnailDisplay.jsp -->
                                    </li>
                                
                                    <li>
                                        
	                                                <div class="trolleySummary"><p class="savings">
	                                                         <!-- BEGIN include/PromotionStrapline.jspf -->Only £3.00: Save 60p<br><!-- FINISH include/PromotionStrapline.jspf --></p></div>
	                                            <!-- BEGIN CatalogEntryThumbnailDisplay.jsp --><!-- BEGIN MerchandisingAssociationsDisplay.jsp --><!-- Start - JSP File Name:  MerchandisingAssociationsDisplay.jsp --><!-- END MerchandisingAssociationsDisplay.jsp -->
	        <div class="errorBanner hidden" id="error434835"></div>
	        
	        <div class="product ">
	            <div class="productInner">
	                <div class="productInfoWrapper">
	                    <div class="productInfo">
	                        
	                                <h3>
	                                    <a href="http://www.sainsburys.co.uk/shop/gb/groceries/sainsburys-cottage-pie--taste-the-difference-400g-6288331-p-44">
	                                        Sainsbury's Cottage Pie, Taste the Difference 400g (Serves 1)
	                                        <img src="http://c2.sainsburys.co.uk/wcsstore7.20.1.145/ExtendedSitesCatalogAssetStore/images/catalog/productImages/41/0000001150841/0000001150841_M.jpeg" alt=""></a>
	                                </h3>
	                            
							<div class="ThumbnailRoundel">
							<!--ThumbnailRoundel --> 
							</div>
							<div class="promoBages">
								<!-- PROMOTION -->
							</div>

	
	                        <!-- Review --><!-- BEGIN CatalogEntryRatingsReviewsInfo.jspf --><!-- productAllowedRatingsAndReviews: true -->
    <div class="reviews">
        
            <a class="numberOfReviews" href="http://www.sainsburys.co.uk/shop/gb/groceries/sainsburys-cottage-pie--taste-the-difference-400g-6288331-p-44#reviews">
                <img src="http://c2.sainsburys.co.uk/wcsstore7.20.1.145/SainsburysStorefrontAssetStore/img/stars/rating-3_7.gif" alt="3.7143" border="0">  
                Reviews (14)
            </a>
        
    </div>
<!-- END CatalogEntryRatingsReviewsInfo.jspf -->
	                    </div>
	                    <!--ThumbnailRestriction -->
	                </div>
	         	
	                <div class="addToTrolleytabBox">
	                <!-- addToTrolleytabBox LIST VIEW--><!-- Start UserSubscribedOrNot.jspf --><!-- Start UserSubscribedOrNot.jsp --><!-- 
			If the user is not logged in, render this opening 
			DIV adding an addtional class to fix the border top which is removed 
			and replaced by the tabs
		-->
		<div class="addToTrolleytabContainer addItemBorderTop">
	<!-- End AddToSubscriptionList.jsp --><!-- End AddSubscriptionList.jspf --><!-- 
	                        ATTENTION!!!
	                        <div class="addToTrolleytabContainer">
	                        This opening div is inside "../../ReusableObjects/UserSubscribedOrNot.jsp"
	                        -->
	                	<div class="pricingAndTrolleyOptions">	
	    	                <div class="priceTab activeContainer priceTabContainer" id="addItem_434835">	
	    	                    <div class="pricing">
	    	                        
	<p class="pricePerUnit">
    £3.00<abbr title="per">/</abbr><abbr title="unit"><span class="pricePerUnitUnit">unit</span></abbr>
</p>
 
    <p class="pricePerMeasure">£7.50<abbr title="per">/</abbr><abbr title="kilogram"><span class="pricePerMeasureMeasure">kg</span></abbr>
    </p>
 
	                                	
	    	                    </div>	
	    	                    	
	    	                                <div class="addToTrolleyForm ">	
	    	                                    <!-- BEGIN AddToTrolley.jsp -->

		<form class="addToTrolleyForm" name="OrderItemAddForm_434835" action="OrderItemAdd" method="post" id="OrderItemAddForm_434835">
		    <input type="hidden" name="storeId" value="10151"><input type="hidden" name="langId" value="44"><input type="hidden" name="catalogId" value="10241"><input type="hidden" name="errorViewName" value="PromotionDisplayView"><input type="hidden" name="SKU_ID" value="6288331"><input type="hidden" name="itemType" value=""><label class="access" for="quantity_434834">Quantity</label>
		        
					<input name="quantity" id="quantity_434834" type="text" size="3" value="1" class="quantity"><input type="hidden" name="catEntryId" value="434835"><input type="hidden" name="productId" value="434834"><input type="hidden" name="URL" value="http://www.sainsburys.co.uk/webapp/wcs/stores/servlet/PromotionDisplayView?msg=&amp;langId=44&amp;productId=434834&amp;storeId=10151&amp;krypto=Eslh5J0CB%2B9%2B%2F%2B33Ip0V5Dtfnw26s2%2FmGA4XwtmG%2Bb%2BBx4jHBxftnCmY2F62Bc%2F7LlaH%2B2%2BBJMeNWZCrAbkA3EW0GFs0eMJEzDO7gDfXIvTL91roOf6knthvirHe8NH91cuJGyIXKbUs23Qgp4rbP3JFZY%2BDn6LjNTEtJ08pMll1%2B6bKea6d6QdC6F4keXiUKGhx31U8d%2FZ7pRTkr9FIDw%3D%3D&amp;ddkey=http%3APromotionDisplayView"><input type="hidden" name="page" value=""><input type="hidden" name="contractId" value=""><input type="hidden" name="calculateOrder" value="1"><input type="hidden" name="calculationUsage" value="-1,-2,-3"><input type="hidden" name="updateable" value="1"><input type="hidden" name="merge" value="***"><input type="hidden" name="callAjax" value="false"><input class="button process" type="submit" name="Add" value="Add">
</form>
	<!-- END AddToTrolley.jsp -->
        <div class="numberInTrolley hidden numberInTrolley_434834" id="numberInTrolley_434834">
            
        </div>
     
	    	                                </div>	
	    	                            
	                        </div>
<!-- END priceTabContainer Add container --><!-- Subscribe container --><!-- Start AddToSubscriptionList.jspf --><!-- Start AddToSubscriptionList.jsp --><!-- End AddToSubscriptionList.jsp --><!-- End AddToSubscriptionList.jspf -->	
	                    </div>	
	                </div>	
	            </div>
            </div> 	
        	</div> 
	        <div id="additionalItems_434835" class="additionalItems">
		    	<!-- BEGIN MerchandisingAssociationsDisplay.jsp --><!-- Start - JSP File Name:  MerchandisingAssociationsDisplay.jsp --><!-- END MerchandisingAssociationsDisplay.jsp -->	 
		    </div> 

	    <!-- END CatalogEntryThumbnailDisplay.jsp -->
                                    </li>
                                
                                    <li>
                                        
	                                                <div class="trolleySummary"><p class="savings">
	                                                         <!-- BEGIN include/PromotionStrapline.jspf -->Only £3.00: Save 60p<br><!-- FINISH include/PromotionStrapline.jspf --></p></div>
	                                            <!-- BEGIN CatalogEntryThumbnailDisplay.jsp --><!-- BEGIN MerchandisingAssociationsDisplay.jsp --><!-- Start - JSP File Name:  MerchandisingAssociationsDisplay.jsp --><!-- END MerchandisingAssociationsDisplay.jsp -->
	        <div class="errorBanner hidden" id="error434837"></div>
	        
	        <div class="product ">
	            <div class="productInner">
	                <div class="productInfoWrapper">
	                    <div class="productInfo">
	                        
	                                <h3>
	                                    <a href="http://www.sainsburys.co.uk/shop/gb/groceries/sainsburys-luxury-fish-pie--taste-the-difference-400g-6288597-p-44">
	                                        Sainsbury's Fish Pie, Taste the Difference 400g (Serves 1)
	                                        <img src="http://c2.sainsburys.co.uk/wcsstore7.20.1.145/ExtendedSitesCatalogAssetStore/images/catalog/productImages/28/0000001151428/0000001151428_M.jpeg" alt=""></a>
	                                </h3>
	                            
							<div class="ThumbnailRoundel">
							<!--ThumbnailRoundel --> 
							</div>
							<div class="promoBages">
								<!-- PROMOTION -->
							</div>

	
	                        <!-- Review --><!-- BEGIN CatalogEntryRatingsReviewsInfo.jspf --><!-- productAllowedRatingsAndReviews: true -->
    <div class="reviews">
        
            <a class="numberOfReviews" href="http://www.sainsburys.co.uk/shop/gb/groceries/sainsburys-luxury-fish-pie--taste-the-difference-400g-6288597-p-44#reviews">
                <img src="http://c2.sainsburys.co.uk/wcsstore7.20.1.145/SainsburysStorefrontAssetStore/img/stars/rating-2_4.gif" alt="2.375" border="0">  
                Reviews (24)
            </a>
        
    </div>
<!-- END CatalogEntryRatingsReviewsInfo.jspf -->
	                    </div>
	                    <!--ThumbnailRestriction -->
	                </div>
	         	
	                <div class="addToTrolleytabBox">
	                <!-- addToTrolleytabBox LIST VIEW--><!-- Start UserSubscribedOrNot.jspf --><!-- Start UserSubscribedOrNot.jsp --><!-- 
			If the user is not logged in, render this opening 
			DIV adding an addtional class to fix the border top which is removed 
			and replaced by the tabs
		-->
		<div class="addToTrolleytabContainer addItemBorderTop">
	<!-- End AddToSubscriptionList.jsp --><!-- End AddSubscriptionList.jspf --><!-- 
	                        ATTENTION!!!
	                        <div class="addToTrolleytabContainer">
	                        This opening div is inside "../../ReusableObjects/UserSubscribedOrNot.jsp"
	                        -->
	                	<div class="pricingAndTrolleyOptions">	
	    	                <div class="priceTab activeContainer priceTabContainer" id="addItem_434837">	
	    	                    <div class="pricing">
	    	                        
	<p class="pricePerUnit">
    £3.00<abbr title="per">/</abbr><abbr title="unit"><span class="pricePerUnitUnit">unit</span></abbr>
</p>
 
    <p class="pricePerMeasure">£7.50<abbr title="per">/</abbr><abbr title="kilogram"><span class="pricePerMeasureMeasure">kg</span></abbr>
    </p>
 
	                                	
	    	                    </div>	
	    	                    	
	    	                                <div class="addToTrolleyForm ">	
	    	                                    <!-- BEGIN AddToTrolley.jsp -->

		<form class="addToTrolleyForm" name="OrderItemAddForm_434837" action="OrderItemAdd" method="post" id="OrderItemAddForm_434837">
		    <input type="hidden" name="storeId" value="10151"><input type="hidden" name="langId" value="44"><input type="hidden" name="catalogId" value="10241"><input type="hidden" name="errorViewName" value="PromotionDisplayView"><input type="hidden" name="SKU_ID" value="6288597"><input type="hidden" name="itemType" value=""><label class="access" for="quantity_434836">Quantity</label>
		        
					<input name="quantity" id="quantity_434836" type="text" size="3" value="1" class="quantity"><input type="hidden" name="catEntryId" value="434837"><input type="hidden" name="productId" value="434836"><input type="hidden" name="URL" value="http://www.sainsburys.co.uk/webapp/wcs/stores/servlet/PromotionDisplayView?msg=&amp;langId=44&amp;productId=434834&amp;storeId=10151&amp;krypto=Eslh5J0CB%2B9%2B%2F%2B33Ip0V5Dtfnw26s2%2FmGA4XwtmG%2Bb%2BBx4jHBxftnCmY2F62Bc%2F7LlaH%2B2%2BBJMeNWZCrAbkA3EW0GFs0eMJEzDO7gDfXIvTL91roOf6knthvirHe8NH91cuJGyIXKbUs23Qgp4rbP3JFZY%2BDn6LjNTEtJ08pMll1%2B6bKea6d6QdC6F4keXiUKGhx31U8d%2FZ7pRTkr9FIDw%3D%3D&amp;ddkey=http%3APromotionDisplayView"><input type="hidden" name="page" value=""><input type="hidden" name="contractId" value=""><input type="hidden" name="calculateOrder" value="1"><input type="hidden" name="calculationUsage" value="-1,-2,-3"><input type="hidden" name="updateable" value="1"><input type="hidden" name="merge" value="***"><input type="hidden" name="callAjax" value="false"><input class="button process" type="submit" name="Add" value="Add">
</form>
	<!-- END AddToTrolley.jsp -->
        <div class="numberInTrolley hidden numberInTrolley_434836" id="numberInTrolley_434836">
            
        </div>
     
	    	                                </div>	
	    	                            
	                        </div>
<!-- END priceTabContainer Add container --><!-- Subscribe container --><!-- Start AddToSubscriptionList.jspf --><!-- Start AddToSubscriptionList.jsp --><!-- End AddToSubscriptionList.jsp --><!-- End AddToSubscriptionList.jspf -->	
	                    </div>	
	                </div>	
	            </div>
            </div> 	
        	</div> 
	        <div id="additionalItems_434837" class="additionalItems">
		    	<!-- BEGIN MerchandisingAssociationsDisplay.jsp --><!-- Start - JSP File Name:  MerchandisingAssociationsDisplay.jsp --><!-- END MerchandisingAssociationsDisplay.jsp -->	 
		    </div> 

	    <!-- END CatalogEntryThumbnailDisplay.jsp -->
                                    </li>
                                
                                    <li>
                                        
	                                                <div class="trolleySummary"><p class="savings">
	                                                         <!-- BEGIN include/PromotionStrapline.jspf -->Only £3.00: Save 60p<br><!-- FINISH include/PromotionStrapline.jspf --></p></div>
	                                            <!-- BEGIN CatalogEntryThumbnailDisplay.jsp --><!-- BEGIN MerchandisingAssociationsDisplay.jsp --><!-- Start - JSP File Name:  MerchandisingAssociationsDisplay.jsp --><!-- END MerchandisingAssociationsDisplay.jsp -->
	        <div class="errorBanner hidden" id="error1033745"></div>
	        
	        <div class="product ">
	            <div class="productInner">
	                <div class="productInfoWrapper">
	                    <div class="productInfo">
	                        
	                                <h3>
	                                    <a href="http://www.sainsburys.co.uk/shop/gb/groceries/sainsburys-king-prawn-spaghehetti--taste-the-difference-400g">
	                                        Sainsbury's King Prawn Spaghetti with Tomato &amp; Chilli, Taste the Difference 400g (Serves 1)
	                                        <img src="http://c2.sainsburys.co.uk/wcsstore7.20.1.145/ExtendedSitesCatalogAssetStore/images/catalog/productImages/95/0000000242295/0000000242295_M.jpeg" alt=""></a>
	                                </h3>
	                            
							<div class="ThumbnailRoundel">
							<!--ThumbnailRoundel --> 
							</div>
							<div class="promoBages">
								<!-- PROMOTION -->
							</div>

	
	                        <!-- Review --><!-- BEGIN CatalogEntryRatingsReviewsInfo.jspf --><!-- productAllowedRatingsAndReviews: true -->
    <div class="reviews">
        
            <a class="numberOfReviews" href="http://www.sainsburys.co.uk/shop/gb/groceries/sainsburys-king-prawn-spaghehetti--taste-the-difference-400g#reviews">
                <img src="http://c2.sainsburys.co.uk/wcsstore7.20.1.145/SainsburysStorefrontAssetStore/img/stars/rating-2_2.gif" alt="2.1667" border="0">  
                Reviews (6)
            </a>
        
    </div>
<!-- END CatalogEntryRatingsReviewsInfo.jspf -->
	                    </div>
	                    <!--ThumbnailRestriction -->
	                </div>
	         	
	                <div class="addToTrolleytabBox">
	                <!-- addToTrolleytabBox LIST VIEW--><!-- Start UserSubscribedOrNot.jspf --><!-- Start UserSubscribedOrNot.jsp --><!-- 
			If the user is not logged in, render this opening 
			DIV adding an addtional class to fix the border top which is removed 
			and replaced by the tabs
		-->
		<div class="addToTrolleytabContainer addItemBorderTop">
	<!-- End AddToSubscriptionList.jsp --><!-- End AddSubscriptionList.jspf --><!-- 
	                        ATTENTION!!!
	                        <div class="addToTrolleytabContainer">
	                        This opening div is inside "../../ReusableObjects/UserSubscribedOrNot.jsp"
	                        -->
	                	<div class="pricingAndTrolleyOptions">	
	    	                <div class="priceTab activeContainer priceTabContainer" id="addItem_1033745">	
	    	                    <div class="pricing">
	    	                        
	<p class="pricePerUnit">
    £3.00<abbr title="per">/</abbr><abbr title="unit"><span class="pricePerUnitUnit">unit</span></abbr>
</p>
 
    <p class="pricePerMeasure">£7.50<abbr title="per">/</abbr><abbr title="kilogram"><span class="pricePerMeasureMeasure">kg</span></abbr>
    </p>
 
	                                	
	    	                    </div>	
	    	                    	
	    	                                <div class="addToTrolleyForm ">	
	    	                                    <!-- BEGIN AddToTrolley.jsp -->

		<form class="addToTrolleyForm" name="OrderItemAddForm_1033745" action="OrderItemAdd" method="post" id="OrderItemAddForm_1033745">
		    <input type="hidden" name="storeId" value="10151"><input type="hidden" name="langId" value="44"><input type="hidden" name="catalogId" value="10241"><input type="hidden" name="errorViewName" value="PromotionDisplayView"><input type="hidden" name="SKU_ID" value="7802787"><input type="hidden" name="itemType" value=""><label class="access" for="quantity_1033744">Quantity</label>
		        
					<input name="quantity" id="quantity_1033744" type="text" size="3" value="1" class="quantity"><input type="hidden" name="catEntryId" value="1033745"><input type="hidden" name="productId" value="1033744"><input type="hidden" name="URL" value="http://www.sainsburys.co.uk/webapp/wcs/stores/servlet/PromotionDisplayView?msg=&amp;langId=44&amp;productId=434834&amp;storeId=10151&amp;krypto=Eslh5J0CB%2B9%2B%2F%2B33Ip0V5Dtfnw26s2%2FmGA4XwtmG%2Bb%2BBx4jHBxftnCmY2F62Bc%2F7LlaH%2B2%2BBJMeNWZCrAbkA3EW0GFs0eMJEzDO7gDfXIvTL91roOf6knthvirHe8NH91cuJGyIXKbUs23Qgp4rbP3JFZY%2BDn6LjNTEtJ08pMll1%2B6bKea6d6QdC6F4keXiUKGhx31U8d%2FZ7pRTkr9FIDw%3D%3D&amp;ddkey=http%3APromotionDisplayView"><input type="hidden" name="page" value=""><input type="hidden" name="contractId" value=""><input type="hidden" name="calculateOrder" value="1"><input type="hidden" name="calculationUsage" value="-1,-2,-3"><input type="hidden" name="updateable" value="1"><input type="hidden" name="merge" value="***"><input type="hidden" name="callAjax" value="false"><input class="button process" type="submit" name="Add" value="Add">
</form>
	<!-- END AddToTrolley.jsp -->
        <div class="numberInTrolley hidden numberInTrolley_1033744" id="numberInTrolley_1033744">
            
        </div>
     
	    	                                </div>	
	    	                            
	                        </div>
<!-- END priceTabContainer Add container --><!-- Subscribe container --><!-- Start AddToSubscriptionList.jspf --><!-- Start AddToSubscriptionList.jsp --><!-- End AddToSubscriptionList.jsp --><!-- End AddToSubscriptionList.jspf -->	
	                    </div>	
	                </div>	
	            </div>
            </div> 	
        	</div> 
	        <div id="additionalItems_1033745" class="additionalItems">
		    	<!-- BEGIN MerchandisingAssociationsDisplay.jsp --><!-- Start - JSP File Name:  MerchandisingAssociationsDisplay.jsp --><!-- END MerchandisingAssociationsDisplay.jsp -->	 
		    </div> 

	    <!-- END CatalogEntryThumbnailDisplay.jsp -->
                                    </li>
                                
                                    <li>
                                        
	                                                <div class="trolleySummary"><p class="savings">
	                                                         <!-- BEGIN include/PromotionStrapline.jspf -->Only £3.00: Save 60p<br><!-- FINISH include/PromotionStrapline.jspf --></p></div>
	                                            <!-- BEGIN CatalogEntryThumbnailDisplay.jsp --><!-- BEGIN MerchandisingAssociationsDisplay.jsp --><!-- Start - JSP File Name:  MerchandisingAssociationsDisplay.jsp --><!-- END MerchandisingAssociationsDisplay.jsp -->
	        <div class="errorBanner hidden" id="error434839"></div>
	        
	        <div class="product ">
	            <div class="productInner">
	                <div class="productInfoWrapper">
	                    <div class="productInfo">
	                        
	                                <h3>
	                                    <a href="http://www.sainsburys.co.uk/shop/gb/groceries/sainsburys-lamb-moussaka--taste-the-difference-400g">
	                                        Sainsbury's Lamb Moussaka, Taste the Difference 400g (Serves 1)
	                                        <img src="http://c2.sainsburys.co.uk/wcsstore7.20.1.145/ExtendedSitesCatalogAssetStore/images/catalog/productImages/21/0000001173321/0000001173321_M.jpeg" alt=""></a>
	                                </h3>
	                            
							<div class="ThumbnailRoundel">
							<!--ThumbnailRoundel --> 
							</div>
							<div class="promoBages">
								<!-- PROMOTION -->
							</div>

	
	                        <!-- Review --><!-- BEGIN CatalogEntryRatingsReviewsInfo.jspf --><!-- productAllowedRatingsAndReviews: true -->
    <div class="reviews">
        
            <a class="numberOfReviews" href="http://www.sainsburys.co.uk/shop/gb/groceries/sainsburys-lamb-moussaka--taste-the-difference-400g#reviews">
                <img src="http://c2.sainsburys.co.uk/wcsstore7.20.1.145/SainsburysStorefrontAssetStore/img/stars/rating-4_0.gif" alt="4.0217" border="0">  
                Reviews (46)
            </a>
        
    </div>
<!-- END CatalogEntryRatingsReviewsInfo.jspf -->
	                    </div>
	                    <!--ThumbnailRestriction -->
	                </div>
	         	
	                <div class="addToTrolleytabBox">
	                <!-- addToTrolleytabBox LIST VIEW--><!-- Start UserSubscribedOrNot.jspf --><!-- Start UserSubscribedOrNot.jsp --><!-- 
			If the user is not logged in, render this opening 
			DIV adding an addtional class to fix the border top which is removed 
			and replaced by the tabs
		-->
		<div class="addToTrolleytabContainer addItemBorderTop">
	<!-- End AddToSubscriptionList.jsp --><!-- End AddSubscriptionList.jspf --><!-- 
	                        ATTENTION!!!
	                        <div class="addToTrolleytabContainer">
	                        This opening div is inside "../../ReusableObjects/UserSubscribedOrNot.jsp"
	                        -->
	                	<div class="pricingAndTrolleyOptions">	
	    	                <div class="priceTab activeContainer priceTabContainer" id="addItem_434839">	
	    	                    <div class="pricing">
	    	                        
	<p class="pricePerUnit">
    £3.00<abbr title="per">/</abbr><abbr title="unit"><span class="pricePerUnitUnit">unit</span></abbr>
</p>
 
    <p class="pricePerMeasure">£7.50<abbr title="per">/</abbr><abbr title="kilogram"><span class="pricePerMeasureMeasure">kg</span></abbr>
    </p>
 
	                                	
	    	                    </div>	
	    	                    	
	    	                                <div class="addToTrolleyForm ">	
	    	                                    <!-- BEGIN AddToTrolley.jsp -->

		<form class="addToTrolleyForm" name="OrderItemAddForm_434839" action="OrderItemAdd" method="post" id="OrderItemAddForm_434839">
		    <input type="hidden" name="storeId" value="10151"><input type="hidden" name="langId" value="44"><input type="hidden" name="catalogId" value="10241"><input type="hidden" name="errorViewName" value="PromotionDisplayView"><input type="hidden" name="SKU_ID" value="6302030"><input type="hidden" name="itemType" value=""><label class="access" for="quantity_434838">Quantity</label>
		        
					<input name="quantity" id="quantity_434838" type="text" size="3" value="1" class="quantity"><input type="hidden" name="catEntryId" value="434839"><input type="hidden" name="productId" value="434838"><input type="hidden" name="URL" value="http://www.sainsburys.co.uk/webapp/wcs/stores/servlet/PromotionDisplayView?msg=&amp;langId=44&amp;productId=434834&amp;storeId=10151&amp;krypto=Eslh5J0CB%2B9%2B%2F%2B33Ip0V5Dtfnw26s2%2FmGA4XwtmG%2Bb%2BBx4jHBxftnCmY2F62Bc%2F7LlaH%2B2%2BBJMeNWZCrAbkA3EW0GFs0eMJEzDO7gDfXIvTL91roOf6knthvirHe8NH91cuJGyIXKbUs23Qgp4rbP3JFZY%2BDn6LjNTEtJ08pMll1%2B6bKea6d6QdC6F4keXiUKGhx31U8d%2FZ7pRTkr9FIDw%3D%3D&amp;ddkey=http%3APromotionDisplayView"><input type="hidden" name="page" value=""><input type="hidden" name="contractId" value=""><input type="hidden" name="calculateOrder" value="1"><input type="hidden" name="calculationUsage" value="-1,-2,-3"><input type="hidden" name="updateable" value="1"><input type="hidden" name="merge" value="***"><input type="hidden" name="callAjax" value="false"><input class="button process" type="submit" name="Add" value="Add">
</form>
	<!-- END AddToTrolley.jsp -->
        <div class="numberInTrolley hidden numberInTrolley_434838" id="numberInTrolley_434838">
            
        </div>
     
	    	                                </div>	
	    	                            
	                        </div>
<!-- END priceTabContainer Add container --><!-- Subscribe container --><!-- Start AddToSubscriptionList.jspf --><!-- Start AddToSubscriptionList.jsp --><!-- End AddToSubscriptionList.jsp --><!-- End AddToSubscriptionList.jspf -->	
	                    </div>	
	                </div>	
	            </div>
            </div> 	
        	</div> 
	        <div id="additionalItems_434839" class="additionalItems">
		    	<!-- BEGIN MerchandisingAssociationsDisplay.jsp --><!-- Start - JSP File Name:  MerchandisingAssociationsDisplay.jsp --><!-- END MerchandisingAssociationsDisplay.jsp -->	 
		    </div> 

	    <!-- END CatalogEntryThumbnailDisplay.jsp -->
                                    </li>
                                
                                    <li>
                                        
	                                                <div class="trolleySummary"><p class="savings">
	                                                         <!-- BEGIN include/PromotionStrapline.jspf -->Only £3.00: Save 60p<br><!-- FINISH include/PromotionStrapline.jspf --></p></div>
	                                            <!-- BEGIN CatalogEntryThumbnailDisplay.jsp --><!-- BEGIN MerchandisingAssociationsDisplay.jsp --><!-- Start - JSP File Name:  MerchandisingAssociationsDisplay.jsp --><!-- END MerchandisingAssociationsDisplay.jsp -->
	        <div class="errorBanner hidden" id="error434843"></div>
	        
	        <div class="product ">
	            <div class="productInner">
	                <div class="productInfoWrapper">
	                    <div class="productInfo">
	                        
	                                <h3>
	                                    <a href="http://www.sainsburys.co.uk/shop/gb/groceries/sainsburys-al-forno-lasagne--taste-the-difference-400g-6302306-p-44">
	                                        Sainsbury's Lasagne, Taste the Difference 400g (Serves 1)
	                                        <img src="http://c2.sainsburys.co.uk/wcsstore7.20.1.145/ExtendedSitesCatalogAssetStore/images/catalog/productImages/07/0000001173307/0000001173307_M.jpeg" alt=""></a>
	                                </h3>
	                            
							<div class="ThumbnailRoundel">
							<!--ThumbnailRoundel --> 
							</div>
							<div class="promoBages">
								<!-- PROMOTION -->
							</div>

	
	                        <!-- Review --><!-- BEGIN CatalogEntryRatingsReviewsInfo.jspf --><!-- productAllowedRatingsAndReviews: true -->
    <div class="reviews">
        
            <a class="numberOfReviews" href="http://www.sainsburys.co.uk/shop/gb/groceries/sainsburys-al-forno-lasagne--taste-the-difference-400g-6302306-p-44#reviews">
                <img src="http://c2.sainsburys.co.uk/wcsstore7.20.1.145/SainsburysStorefrontAssetStore/img/stars/rating-3_3.gif" alt="3.2667" border="0">  
                Reviews (15)
            </a>
        
    </div>
<!-- END CatalogEntryRatingsReviewsInfo.jspf -->
	                    </div>
	                    <!--ThumbnailRestriction -->
	                </div>
	         	
	                <div class="addToTrolleytabBox">
	                <!-- addToTrolleytabBox LIST VIEW--><!-- Start UserSubscribedOrNot.jspf --><!-- Start UserSubscribedOrNot.jsp --><!-- 
			If the user is not logged in, render this opening 
			DIV adding an addtional class to fix the border top which is removed 
			and replaced by the tabs
		-->
		<div class="addToTrolleytabContainer addItemBorderTop">
	<!-- End AddToSubscriptionList.jsp --><!-- End AddSubscriptionList.jspf --><!-- 
	                        ATTENTION!!!
	                        <div class="addToTrolleytabContainer">
	                        This opening div is inside "../../ReusableObjects/UserSubscribedOrNot.jsp"
	                        -->
	                	<div class="pricingAndTrolleyOptions">	
	    	                <div class="priceTab activeContainer priceTabContainer" id="addItem_434843">	
	    	                    <div class="pricing">
	    	                        
	<p class="pricePerUnit">
    £3.00<abbr title="per">/</abbr><abbr title="unit"><span class="pricePerUnitUnit">unit</span></abbr>
</p>
 
    <p class="pricePerMeasure">£7.50<abbr title="per">/</abbr><abbr title="kilogram"><span class="pricePerMeasureMeasure">kg</span></abbr>
    </p>
 
	                                	
	    	                    </div>	
	    	                    	
	    	                                <div class="addToTrolleyForm ">	
	    	                                    <!-- BEGIN AddToTrolley.jsp -->

		<form class="addToTrolleyForm" name="OrderItemAddForm_434843" action="OrderItemAdd" method="post" id="OrderItemAddForm_434843">
		    <input type="hidden" name="storeId" value="10151"><input type="hidden" name="langId" value="44"><input type="hidden" name="catalogId" value="10241"><input type="hidden" name="errorViewName" value="PromotionDisplayView"><input type="hidden" name="SKU_ID" value="6302306"><input type="hidden" name="itemType" value=""><label class="access" for="quantity_434842">Quantity</label>
		        
					<input name="quantity" id="quantity_434842" type="text" size="3" value="1" class="quantity"><input type="hidden" name="catEntryId" value="434843"><input type="hidden" name="productId" value="434842"><input type="hidden" name="URL" value="http://www.sainsburys.co.uk/webapp/wcs/stores/servlet/PromotionDisplayView?msg=&amp;langId=44&amp;productId=434834&amp;storeId=10151&amp;krypto=Eslh5J0CB%2B9%2B%2F%2B33Ip0V5Dtfnw26s2%2FmGA4XwtmG%2Bb%2BBx4jHBxftnCmY2F62Bc%2F7LlaH%2B2%2BBJMeNWZCrAbkA3EW0GFs0eMJEzDO7gDfXIvTL91roOf6knthvirHe8NH91cuJGyIXKbUs23Qgp4rbP3JFZY%2BDn6LjNTEtJ08pMll1%2B6bKea6d6QdC6F4keXiUKGhx31U8d%2FZ7pRTkr9FIDw%3D%3D&amp;ddkey=http%3APromotionDisplayView"><input type="hidden" name="page" value=""><input type="hidden" name="contractId" value=""><input type="hidden" name="calculateOrder" value="1"><input type="hidden" name="calculationUsage" value="-1,-2,-3"><input type="hidden" name="updateable" value="1"><input type="hidden" name="merge" value="***"><input type="hidden" name="callAjax" value="false"><input class="button process" type="submit" name="Add" value="Add">
</form>
	<!-- END AddToTrolley.jsp -->
        <div class="numberInTrolley hidden numberInTrolley_434842" id="numberInTrolley_434842">
            
        </div>
     
	    	                                </div>	
	    	                            
	                        </div>
<!-- END priceTabContainer Add container --><!-- Subscribe container --><!-- Start AddToSubscriptionList.jspf --><!-- Start AddToSubscriptionList.jsp --><!-- End AddToSubscriptionList.jsp --><!-- End AddToSubscriptionList.jspf -->	
	                    </div>	
	                </div>	
	            </div>
            </div> 	
        	</div> 
	        <div id="additionalItems_434843" class="additionalItems">
		    	<!-- BEGIN MerchandisingAssociationsDisplay.jsp --><!-- Start - JSP File Name:  MerchandisingAssociationsDisplay.jsp --><!-- END MerchandisingAssociationsDisplay.jsp -->	 
		    </div> 

	    <!-- END CatalogEntryThumbnailDisplay.jsp -->
                                    </li>
                                
                                    <li>
                                        
	                                                <div class="trolleySummary"><p class="savings">
	                                                         <!-- BEGIN include/PromotionStrapline.jspf -->Only £3.00: Save 60p<br><!-- FINISH include/PromotionStrapline.jspf --></p></div>
	                                            <!-- BEGIN CatalogEntryThumbnailDisplay.jsp --><!-- BEGIN MerchandisingAssociationsDisplay.jsp --><!-- Start - JSP File Name:  MerchandisingAssociationsDisplay.jsp --><!-- END MerchandisingAssociationsDisplay.jsp -->
	        <div class="errorBanner hidden" id="error434849"></div>
	        
	        <div class="product ">
	            <div class="productInner">
	                <div class="productInfoWrapper">
	                    <div class="productInfo">
	                        
	                                <h3>
	                                    <a href="http://www.sainsburys.co.uk/shop/gb/groceries/sainsburys-tagliatelle-carbonara--taste-the-difference-400g-6338424-p-44">
	                                        Sainsbury's Rich &amp; Creamy Tagliatelle Carbonara, Taste the Difference 400g (Serves 1)
	                                        <img src="http://c2.sainsburys.co.uk/wcsstore7.20.1.145/ExtendedSitesCatalogAssetStore/images/catalog/productImages/83/0000001223583/0000001223583_M.jpeg" alt=""></a>
	                                </h3>
	                            
							<div class="ThumbnailRoundel">
							<!--ThumbnailRoundel --> 
							</div>
							<div class="promoBages">
								<!-- PROMOTION -->
							</div>

	
	                        <!-- Review --><!-- BEGIN CatalogEntryRatingsReviewsInfo.jspf --><!-- productAllowedRatingsAndReviews: true -->
    <div class="reviews">
        
            <a class="numberOfReviews" href="http://www.sainsburys.co.uk/shop/gb/groceries/sainsburys-tagliatelle-carbonara--taste-the-difference-400g-6338424-p-44#reviews">
                <img src="http://c2.sainsburys.co.uk/wcsstore7.20.1.145/SainsburysStorefrontAssetStore/img/stars/rating-2_8.gif" alt="2.7778" border="0">  
                Reviews (9)
            </a>
        
    </div>
<!-- END CatalogEntryRatingsReviewsInfo.jspf -->
	                    </div>
	                    <!--ThumbnailRestriction -->
	                </div>
	         	
	                <div class="addToTrolleytabBox">
	                <!-- addToTrolleytabBox LIST VIEW--><!-- Start UserSubscribedOrNot.jspf --><!-- Start UserSubscribedOrNot.jsp --><!-- 
			If the user is not logged in, render this opening 
			DIV adding an addtional class to fix the border top which is removed 
			and replaced by the tabs
		-->
		<div class="addToTrolleytabContainer addItemBorderTop">
	<!-- End AddToSubscriptionList.jsp --><!-- End AddSubscriptionList.jspf --><!-- 
	                        ATTENTION!!!
	                        <div class="addToTrolleytabContainer">
	                        This opening div is inside "../../ReusableObjects/UserSubscribedOrNot.jsp"
	                        -->
	                	<div class="pricingAndTrolleyOptions">	
	    	                <div class="priceTab activeContainer priceTabContainer" id="addItem_434849">	
	    	                    <div class="pricing">
	    	                        
	<p class="pricePerUnit">
    £3.00<abbr title="per">/</abbr><abbr title="unit"><span class="pricePerUnitUnit">unit</span></abbr>
</p>
 
    <p class="pricePerMeasure">£7.50<abbr title="per">/</abbr><abbr title="kilogram"><span class="pricePerMeasureMeasure">kg</span></abbr>
    </p>
 
	                                	
	    	                    </div>	
	    	                    	
	    	                                <div class="addToTrolleyForm ">	
	    	                                    <!-- BEGIN AddToTrolley.jsp -->

		<form class="addToTrolleyForm" name="OrderItemAddForm_434849" action="OrderItemAdd" method="post" id="OrderItemAddForm_434849">
		    <input type="hidden" name="storeId" value="10151"><input type="hidden" name="langId" value="44"><input type="hidden" name="catalogId" value="10241"><input type="hidden" name="errorViewName" value="PromotionDisplayView"><input type="hidden" name="SKU_ID" value="6338424"><input type="hidden" name="itemType" value=""><label class="access" for="quantity_434848">Quantity</label>
		        
					<input name="quantity" id="quantity_434848" type="text" size="3" value="1" class="quantity"><input type="hidden" name="catEntryId" value="434849"><input type="hidden" name="productId" value="434848"><input type="hidden" name="URL" value="http://www.sainsburys.co.uk/webapp/wcs/stores/servlet/PromotionDisplayView?msg=&amp;langId=44&amp;productId=434834&amp;storeId=10151&amp;krypto=Eslh5J0CB%2B9%2B%2F%2B33Ip0V5Dtfnw26s2%2FmGA4XwtmG%2Bb%2BBx4jHBxftnCmY2F62Bc%2F7LlaH%2B2%2BBJMeNWZCrAbkA3EW0GFs0eMJEzDO7gDfXIvTL91roOf6knthvirHe8NH91cuJGyIXKbUs23Qgp4rbP3JFZY%2BDn6LjNTEtJ08pMll1%2B6bKea6d6QdC6F4keXiUKGhx31U8d%2FZ7pRTkr9FIDw%3D%3D&amp;ddkey=http%3APromotionDisplayView"><input type="hidden" name="page" value=""><input type="hidden" name="contractId" value=""><input type="hidden" name="calculateOrder" value="1"><input type="hidden" name="calculationUsage" value="-1,-2,-3"><input type="hidden" name="updateable" value="1"><input type="hidden" name="merge" value="***"><input type="hidden" name="callAjax" value="false"><input class="button process" type="submit" name="Add" value="Add">
</form>
	<!-- END AddToTrolley.jsp -->
        <div class="numberInTrolley hidden numberInTrolley_434848" id="numberInTrolley_434848">
            
        </div>
     
	    	                                </div>	
	    	                            
	                        </div>
<!-- END priceTabContainer Add container --><!-- Subscribe container --><!-- Start AddToSubscriptionList.jspf --><!-- Start AddToSubscriptionList.jsp --><!-- End AddToSubscriptionList.jsp --><!-- End AddToSubscriptionList.jspf -->	
	                    </div>	
	                </div>	
	            </div>
            </div> 	
        	</div> 
	        <div id="additionalItems_434849" class="additionalItems">
		    	<!-- BEGIN MerchandisingAssociationsDisplay.jsp --><!-- Start - JSP File Name:  MerchandisingAssociationsDisplay.jsp --><!-- END MerchandisingAssociationsDisplay.jsp -->	 
		    </div> 

	    <!-- END CatalogEntryThumbnailDisplay.jsp -->
                                    </li>
                                
                                    <li>
                                        
	                                                <div class="trolleySummary"><p class="savings">
	                                                         <!-- BEGIN include/PromotionStrapline.jspf -->Only £3.00: Save 60p<br><!-- FINISH include/PromotionStrapline.jspf --></p></div>
	                                            <!-- BEGIN CatalogEntryThumbnailDisplay.jsp --><!-- BEGIN MerchandisingAssociationsDisplay.jsp --><!-- Start - JSP File Name:  MerchandisingAssociationsDisplay.jsp --><!-- END MerchandisingAssociationsDisplay.jsp -->
	        <div class="errorBanner hidden" id="error434841"></div>
	        
	        <div class="product ">
	            <div class="productInner">
	                <div class="productInfoWrapper">
	                    <div class="productInfo">
	                        
	                                <h3>
	                                    <a href="http://www.sainsburys.co.uk/shop/gb/groceries/sainsburys-luxury-shepherds-pie--taste-the-difference-400g">
	                                        Sainsbury's Shepherds Pie, Taste the Difference 400g (Serves 1)
	                                        <img src="http://c2.sainsburys.co.uk/wcsstore7.20.1.145/ExtendedSitesCatalogAssetStore/images/catalog/productImages/38/0000001173338/0000001173338_M.jpeg" alt=""></a>
	                                </h3>
	                            
							<div class="ThumbnailRoundel">
							<!--ThumbnailRoundel --> 
							</div>
							<div class="promoBages">
								<!-- PROMOTION -->
							</div>

	
	                        <!-- Review --><!-- BEGIN CatalogEntryRatingsReviewsInfo.jspf --><!-- productAllowedRatingsAndReviews: true -->
    <div class="reviews">
        
            <a class="numberOfReviews" href="http://www.sainsburys.co.uk/shop/gb/groceries/sainsburys-luxury-shepherds-pie--taste-the-difference-400g#reviews">
                <img src="http://c2.sainsburys.co.uk/wcsstore7.20.1.145/SainsburysStorefrontAssetStore/img/stars/rating-1_9.gif" alt="1.8571" border="0">  
                Reviews (7)
            </a>
        
    </div>
<!-- END CatalogEntryRatingsReviewsInfo.jspf -->
	                    </div>
	                    <!--ThumbnailRestriction -->
	                </div>
	         	
	                <div class="addToTrolleytabBox">
	                <!-- addToTrolleytabBox LIST VIEW--><!-- Start UserSubscribedOrNot.jspf --><!-- Start UserSubscribedOrNot.jsp --><!-- 
			If the user is not logged in, render this opening 
			DIV adding an addtional class to fix the border top which is removed 
			and replaced by the tabs
		-->
		<div class="addToTrolleytabContainer addItemBorderTop">
	<!-- End AddToSubscriptionList.jsp --><!-- End AddSubscriptionList.jspf --><!-- 
	                        ATTENTION!!!
	                        <div class="addToTrolleytabContainer">
	                        This opening div is inside "../../ReusableObjects/UserSubscribedOrNot.jsp"
	                        -->
	                	<div class="pricingAndTrolleyOptions">	
	    	                <div class="priceTab activeContainer priceTabContainer" id="addItem_434841">	
	    	                    <div class="pricing">
	    	                        
	<p class="pricePerUnit">
    £3.00<abbr title="per">/</abbr><abbr title="unit"><span class="pricePerUnitUnit">unit</span></abbr>
</p>
 
    <p class="pricePerMeasure">£7.50<abbr title="per">/</abbr><abbr title="kilogram"><span class="pricePerMeasureMeasure">kg</span></abbr>
    </p>
 
	                                	
	    	                    </div>	
	    	                    	
	    	                                <div class="addToTrolleyForm ">	
	    	                                    <!-- BEGIN AddToTrolley.jsp -->

		<form class="addToTrolleyForm" name="OrderItemAddForm_434841" action="OrderItemAdd" method="post" id="OrderItemAddForm_434841">
		    <input type="hidden" name="storeId" value="10151"><input type="hidden" name="langId" value="44"><input type="hidden" name="catalogId" value="10241"><input type="hidden" name="errorViewName" value="PromotionDisplayView"><input type="hidden" name="SKU_ID" value="6302032"><input type="hidden" name="itemType" value=""><label class="access" for="quantity_434840">Quantity</label>
		        
					<input name="quantity" id="quantity_434840" type="text" size="3" value="1" class="quantity"><input type="hidden" name="catEntryId" value="434841"><input type="hidden" name="productId" value="434840"><input type="hidden" name="URL" value="http://www.sainsburys.co.uk/webapp/wcs/stores/servlet/PromotionDisplayView?msg=&amp;langId=44&amp;productId=434834&amp;storeId=10151&amp;krypto=Eslh5J0CB%2B9%2B%2F%2B33Ip0V5Dtfnw26s2%2FmGA4XwtmG%2Bb%2BBx4jHBxftnCmY2F62Bc%2F7LlaH%2B2%2BBJMeNWZCrAbkA3EW0GFs0eMJEzDO7gDfXIvTL91roOf6knthvirHe8NH91cuJGyIXKbUs23Qgp4rbP3JFZY%2BDn6LjNTEtJ08pMll1%2B6bKea6d6QdC6F4keXiUKGhx31U8d%2FZ7pRTkr9FIDw%3D%3D&amp;ddkey=http%3APromotionDisplayView"><input type="hidden" name="page" value=""><input type="hidden" name="contractId" value=""><input type="hidden" name="calculateOrder" value="1"><input type="hidden" name="calculationUsage" value="-1,-2,-3"><input type="hidden" name="updateable" value="1"><input type="hidden" name="merge" value="***"><input type="hidden" name="callAjax" value="false"><input class="button process" type="submit" name="Add" value="Add">
</form>
	<!-- END AddToTrolley.jsp -->
        <div class="numberInTrolley hidden numberInTrolley_434840" id="numberInTrolley_434840">
            
        </div>
     
	    	                                </div>	
	    	                            
	                        </div>
<!-- END priceTabContainer Add container --><!-- Subscribe container --><!-- Start AddToSubscriptionList.jspf --><!-- Start AddToSubscriptionList.jsp --><!-- End AddToSubscriptionList.jsp --><!-- End AddToSubscriptionList.jspf -->	
	                    </div>	
	                </div>	
	            </div>
            </div> 	
        	</div> 
	        <div id="additionalItems_434841" class="additionalItems">
		    	<!-- BEGIN MerchandisingAssociationsDisplay.jsp --><!-- Start - JSP File Name:  MerchandisingAssociationsDisplay.jsp --><!-- END MerchandisingAssociationsDisplay.jsp -->	 
		    </div> 

	    <!-- END CatalogEntryThumbnailDisplay.jsp -->
                                    </li>
                                
                                    <li>
                                        
	                                                <div class="trolleySummary"><p class="savings">
	                                                         <!-- BEGIN include/PromotionStrapline.jspf -->Only £3.00: Save 60p<br><!-- FINISH include/PromotionStrapline.jspf --></p></div>
	                                            <!-- BEGIN CatalogEntryThumbnailDisplay.jsp --><!-- BEGIN MerchandisingAssociationsDisplay.jsp --><!-- Start - JSP File Name:  MerchandisingAssociationsDisplay.jsp --><!-- END MerchandisingAssociationsDisplay.jsp -->
	        <div class="errorBanner hidden" id="error490899"></div>
	        
	        <div class="product ">
	            <div class="productInner">
	                <div class="productInfoWrapper">
	                    <div class="productInfo">
	                        
	                                <h3>
	                                    <a href="http://www.sainsburys.co.uk/shop/gb/groceries/sainsburys-lamb---rosemary-tagliatelle--taste-the-difference-400g">
	                                        Sainsbury's Slow Cooked Shredded Lamb &amp; Rosemary Tagliatelle, Taste the Difference 400g (Serves 1)
	                                        <img src="http://c2.sainsburys.co.uk/wcsstore7.20.1.145/ExtendedSitesCatalogAssetStore/images/catalog/productImages/61/0000000135061/0000000135061_M.jpeg" alt=""></a>
	                                </h3>
	                            
							<div class="ThumbnailRoundel">
							<!--ThumbnailRoundel --> 
							</div>
							<div class="promoBages">
								<!-- PROMOTION -->
							</div>

	
	                        <!-- Review --><!-- BEGIN CatalogEntryRatingsReviewsInfo.jspf --><!-- productAllowedRatingsAndReviews: true -->
    <div class="reviews">
        
            <a class="numberOfReviews" href="http://www.sainsburys.co.uk/shop/gb/groceries/sainsburys-lamb---rosemary-tagliatelle--taste-the-difference-400g#reviews">
                <img src="http://c2.sainsburys.co.uk/wcsstore7.20.1.145/SainsburysStorefrontAssetStore/img/stars/rating-3_3.gif" alt="3.2857" border="0">  
                Reviews (7)
            </a>
        
    </div>
<!-- END CatalogEntryRatingsReviewsInfo.jspf -->
	                    </div>
	                    <!--ThumbnailRestriction -->
	                </div>
	         	
	                <div class="addToTrolleytabBox">
	                <!-- addToTrolleytabBox LIST VIEW--><!-- Start UserSubscribedOrNot.jspf --><!-- Start UserSubscribedOrNot.jsp --><!-- 
			If the user is not logged in, render this opening 
			DIV adding an addtional class to fix the border top which is removed 
			and replaced by the tabs
		-->
		<div class="addToTrolleytabContainer addItemBorderTop">
	<!-- End AddToSubscriptionList.jsp --><!-- End AddSubscriptionList.jspf --><!-- 
	                        ATTENTION!!!
	                        <div class="addToTrolleytabContainer">
	                        This opening div is inside "../../ReusableObjects/UserSubscribedOrNot.jsp"
	                        -->
	                	<div class="pricingAndTrolleyOptions">	
	    	                <div class="priceTab activeContainer priceTabContainer" id="addItem_490899">	
	    	                    <div class="pricing">
	    	                        
	<p class="pricePerUnit">
    £3.00<abbr title="per">/</abbr><abbr title="unit"><span class="pricePerUnitUnit">unit</span></abbr>
</p>
 
    <p class="pricePerMeasure">£7.50<abbr title="per">/</abbr><abbr title="kilogram"><span class="pricePerMeasureMeasure">kg</span></abbr>
    </p>
 
	                                	
	    	                    </div>	
	    	                    	
	    	                                <div class="addToTrolleyForm ">	
	    	                                    <!-- BEGIN AddToTrolley.jsp -->

		<form class="addToTrolleyForm" name="OrderItemAddForm_490899" action="OrderItemAdd" method="post" id="OrderItemAddForm_490899">
		    <input type="hidden" name="storeId" value="10151"><input type="hidden" name="langId" value="44"><input type="hidden" name="catalogId" value="10241"><input type="hidden" name="errorViewName" value="PromotionDisplayView"><input type="hidden" name="SKU_ID" value="7658593"><input type="hidden" name="itemType" value=""><label class="access" for="quantity_490898">Quantity</label>
		        
					<input name="quantity" id="quantity_490898" type="text" size="3" value="1" class="quantity"><input type="hidden" name="catEntryId" value="490899"><input type="hidden" name="productId" value="490898"><input type="hidden" name="URL" value="http://www.sainsburys.co.uk/webapp/wcs/stores/servlet/PromotionDisplayView?msg=&amp;langId=44&amp;productId=434834&amp;storeId=10151&amp;krypto=Eslh5J0CB%2B9%2B%2F%2B33Ip0V5Dtfnw26s2%2FmGA4XwtmG%2Bb%2BBx4jHBxftnCmY2F62Bc%2F7LlaH%2B2%2BBJMeNWZCrAbkA3EW0GFs0eMJEzDO7gDfXIvTL91roOf6knthvirHe8NH91cuJGyIXKbUs23Qgp4rbP3JFZY%2BDn6LjNTEtJ08pMll1%2B6bKea6d6QdC6F4keXiUKGhx31U8d%2FZ7pRTkr9FIDw%3D%3D&amp;ddkey=http%3APromotionDisplayView"><input type="hidden" name="page" value=""><input type="hidden" name="contractId" value=""><input type="hidden" name="calculateOrder" value="1"><input type="hidden" name="calculationUsage" value="-1,-2,-3"><input type="hidden" name="updateable" value="1"><input type="hidden" name="merge" value="***"><input type="hidden" name="callAjax" value="false"><input class="button process" type="submit" name="Add" value="Add">
</form>
	<!-- END AddToTrolley.jsp -->
        <div class="numberInTrolley hidden numberInTrolley_490898" id="numberInTrolley_490898">
            
        </div>
     
	    	                                </div>	
	    	                            
	                        </div>
<!-- END priceTabContainer Add container --><!-- Subscribe container --><!-- Start AddToSubscriptionList.jspf --><!-- Start AddToSubscriptionList.jsp --><!-- End AddToSubscriptionList.jsp --><!-- End AddToSubscriptionList.jspf -->	
	                    </div>	
	                </div>	
	            </div>
            </div> 	
        	</div> 
	        <div id="additionalItems_490899" class="additionalItems">
		    	<!-- BEGIN MerchandisingAssociationsDisplay.jsp --><!-- Start - JSP File Name:  MerchandisingAssociationsDisplay.jsp --><!-- END MerchandisingAssociationsDisplay.jsp -->	 
		    </div> 

	    <!-- END CatalogEntryThumbnailDisplay.jsp -->
                                    </li>
                                
                                    <li>
                                        
	                                                <div class="trolleySummary"><p class="savings">
	                                                         <!-- BEGIN include/PromotionStrapline.jspf -->Only £3.00: Save 60p<br><!-- FINISH include/PromotionStrapline.jspf --></p></div>
	                                            <!-- BEGIN CatalogEntryThumbnailDisplay.jsp --><!-- BEGIN MerchandisingAssociationsDisplay.jsp --><!-- Start - JSP File Name:  MerchandisingAssociationsDisplay.jsp --><!-- END MerchandisingAssociationsDisplay.jsp -->
	        <div class="errorBanner hidden" id="error434845"></div>
	        
	        <div class="product ">
	            <div class="productInner">
	                <div class="productInfoWrapper">
	                    <div class="productInfo">
	                        
	                                <h3>
	                                    <a href="http://www.sainsburys.co.uk/shop/gb/groceries/sainsburys-spaghetti-bolognese--taste-the-difference-400g-6305687-p-44">
	                                        Sainsbury's Slow Cooked Spaghetti Bolognese, Taste the Difference 400g (Serves 1)
	                                        <img src="http://c2.sainsburys.co.uk/wcsstore7.20.1.145/ExtendedSitesCatalogAssetStore/images/catalog/productImages/83/0000001179583/0000001179583_M.jpeg" alt=""></a>
	                                </h3>
	                            
							<div class="ThumbnailRoundel">
							<!--ThumbnailRoundel --> 
							</div>
							<div class="promoBages">
								<!-- PROMOTION -->
							</div>

	
	                        <!-- Review --><!-- BEGIN CatalogEntryRatingsReviewsInfo.jspf --><!-- productAllowedRatingsAndReviews: true -->
    <div class="reviews">
        
            <a class="numberOfReviews" href="http://www.sainsburys.co.uk/shop/gb/groceries/sainsburys-spaghetti-bolognese--taste-the-difference-400g-6305687-p-44#reviews">
                <img src="http://c2.sainsburys.co.uk/wcsstore7.20.1.145/SainsburysStorefrontAssetStore/img/stars/rating-2_8.gif" alt="2.7778" border="0">  
                Reviews (9)
            </a>
        
    </div>
<!-- END CatalogEntryRatingsReviewsInfo.jspf -->
	                    </div>
	                    <!--ThumbnailRestriction -->
	                </div>
	         	
	                <div class="addToTrolleytabBox">
	                <!-- addToTrolleytabBox LIST VIEW--><!-- Start UserSubscribedOrNot.jspf --><!-- Start UserSubscribedOrNot.jsp --><!-- 
			If the user is not logged in, render this opening 
			DIV adding an addtional class to fix the border top which is removed 
			and replaced by the tabs
		-->
		<div class="addToTrolleytabContainer addItemBorderTop">
	<!-- End AddToSubscriptionList.jsp --><!-- End AddSubscriptionList.jspf --><!-- 
	                        ATTENTION!!!
	                        <div class="addToTrolleytabContainer">
	                        This opening div is inside "../../ReusableObjects/UserSubscribedOrNot.jsp"
	                        -->
	                	<div class="pricingAndTrolleyOptions">	
	    	                <div class="priceTab activeContainer priceTabContainer" id="addItem_434845">	
	    	                    <div class="pricing">
	    	                        
	<p class="pricePerUnit">
    £3.00<abbr title="per">/</abbr><abbr title="unit"><span class="pricePerUnitUnit">unit</span></abbr>
</p>
 
    <p class="pricePerMeasure">£7.50<abbr title="per">/</abbr><abbr title="kilogram"><span class="pricePerMeasureMeasure">kg</span></abbr>
    </p>
 
	                                	
	    	                    </div>	
	    	                    	
	    	                                <div class="addToTrolleyForm ">	
	    	                                    <!-- BEGIN AddToTrolley.jsp -->

		<form class="addToTrolleyForm" name="OrderItemAddForm_434845" action="OrderItemAdd" method="post" id="OrderItemAddForm_434845">
		    <input type="hidden" name="storeId" value="10151"><input type="hidden" name="langId" value="44"><input type="hidden" name="catalogId" value="10241"><input type="hidden" name="errorViewName" value="PromotionDisplayView"><input type="hidden" name="SKU_ID" value="6305687"><input type="hidden" name="itemType" value=""><label class="access" for="quantity_434844">Quantity</label>
		        
					<input name="quantity" id="quantity_434844" type="text" size="3" value="1" class="quantity"><input type="hidden" name="catEntryId" value="434845"><input type="hidden" name="productId" value="434844"><input type="hidden" name="URL" value="http://www.sainsburys.co.uk/webapp/wcs/stores/servlet/PromotionDisplayView?msg=&amp;langId=44&amp;productId=434834&amp;storeId=10151&amp;krypto=Eslh5J0CB%2B9%2B%2F%2B33Ip0V5Dtfnw26s2%2FmGA4XwtmG%2Bb%2BBx4jHBxftnCmY2F62Bc%2F7LlaH%2B2%2BBJMeNWZCrAbkA3EW0GFs0eMJEzDO7gDfXIvTL91roOf6knthvirHe8NH91cuJGyIXKbUs23Qgp4rbP3JFZY%2BDn6LjNTEtJ08pMll1%2B6bKea6d6QdC6F4keXiUKGhx31U8d%2FZ7pRTkr9FIDw%3D%3D&amp;ddkey=http%3APromotionDisplayView"><input type="hidden" name="page" value=""><input type="hidden" name="contractId" value=""><input type="hidden" name="calculateOrder" value="1"><input type="hidden" name="calculationUsage" value="-1,-2,-3"><input type="hidden" name="updateable" value="1"><input type="hidden" name="merge" value="***"><input type="hidden" name="callAjax" value="false"><input class="button process" type="submit" name="Add" value="Add">
</form>
	<!-- END AddToTrolley.jsp -->
        <div class="numberInTrolley hidden numberInTrolley_434844" id="numberInTrolley_434844">
            
        </div>
     
	    	                                </div>	
	    	                            
	                        </div>
<!-- END priceTabContainer Add container --><!-- Subscribe container --><!-- Start AddToSubscriptionList.jspf --><!-- Start AddToSubscriptionList.jsp --><!-- End AddToSubscriptionList.jsp --><!-- End AddToSubscriptionList.jspf -->	
	                    </div>	
	                </div>	
	            </div>
            </div> 	
        	</div> 
	        <div id="additionalItems_434845" class="additionalItems">
		    	<!-- BEGIN MerchandisingAssociationsDisplay.jsp --><!-- Start - JSP File Name:  MerchandisingAssociationsDisplay.jsp --><!-- END MerchandisingAssociationsDisplay.jsp -->	 
		    </div> 

	    <!-- END CatalogEntryThumbnailDisplay.jsp -->
                                    </li>
                                
                                    <li>
                                        
	                                                <div class="trolleySummary"><p class="savings">
	                                                         <!-- BEGIN include/PromotionStrapline.jspf -->Only £3.00: Save 60p<br><!-- FINISH include/PromotionStrapline.jspf --></p></div>
	                                            <!-- BEGIN CatalogEntryThumbnailDisplay.jsp --><!-- BEGIN MerchandisingAssociationsDisplay.jsp --><!-- Start - JSP File Name:  MerchandisingAssociationsDisplay.jsp --><!-- END MerchandisingAssociationsDisplay.jsp -->
	        <div class="errorBanner hidden" id="error1033753"></div>
	        
	        <div class="product ">
	            <div class="productInner">
	                <div class="productInfoWrapper">
	                    <div class="productInfo">
	                        
	                                <h3>
	                                    <a href="http://www.sainsburys.co.uk/shop/gb/groceries/sainsburys-spanish-meatballs--taste-the-difference-400g">
	                                        Sainsbury's Spanish Meatballs with Patatas Bravas, Taste the Difference 400g (Serves 1)
	                                        <img src="http://c2.sainsburys.co.uk/wcsstore7.20.1.145/ExtendedSitesCatalogAssetStore/images/catalog/productImages/49/0000000242349/0000000242349_M.jpeg" alt=""></a>
	                                </h3>
	                            
							<div class="ThumbnailRoundel">
							<!--ThumbnailRoundel --> 
							</div>
							<div class="promoBages">
								<!-- PROMOTION -->
							</div>

	
	                        <!-- Review --><!-- BEGIN CatalogEntryRatingsReviewsInfo.jspf --><!-- productAllowedRatingsAndReviews: true -->
    <div class="reviews">
        
            <a class="numberOfReviews" href="http://www.sainsburys.co.uk/shop/gb/groceries/sainsburys-spanish-meatballs--taste-the-difference-400g#reviews">
                <img src="http://c2.sainsburys.co.uk/wcsstore7.20.1.145/SainsburysStorefrontAssetStore/img/stars/rating-2_2.gif" alt="2.2" border="0">  
                Reviews (5)
            </a>
        
    </div>
<!-- END CatalogEntryRatingsReviewsInfo.jspf -->
	                    </div>
	                    <!--ThumbnailRestriction -->
	                </div>
	         	
	                <div class="addToTrolleytabBox">
	                <!-- addToTrolleytabBox LIST VIEW--><!-- Start UserSubscribedOrNot.jspf --><!-- Start UserSubscribedOrNot.jsp --><!-- 
			If the user is not logged in, render this opening 
			DIV adding an addtional class to fix the border top which is removed 
			and replaced by the tabs
		-->
		<div class="addToTrolleytabContainer addItemBorderTop">
	<!-- End AddToSubscriptionList.jsp --><!-- End AddSubscriptionList.jspf --><!-- 
	                        ATTENTION!!!
	                        <div class="addToTrolleytabContainer">
	                        This opening div is inside "../../ReusableObjects/UserSubscribedOrNot.jsp"
	                        -->
	                	<div class="pricingAndTrolleyOptions">	
	    	                <div class="priceTab activeContainer priceTabContainer" id="addItem_1033753">	
	    	                    <div class="pricing">
	    	                        
	<p class="pricePerUnit">
    £3.00<abbr title="per">/</abbr><abbr title="unit"><span class="pricePerUnitUnit">unit</span></abbr>
</p>
 
    <p class="pricePerMeasure">£7.50<abbr title="per">/</abbr><abbr title="kilogram"><span class="pricePerMeasureMeasure">kg</span></abbr>
    </p>
 
	                                	
	    	                    </div>	
	    	                    	
	    	                                <div class="addToTrolleyForm ">	
	    	                                    <!-- BEGIN AddToTrolley.jsp -->

		<form class="addToTrolleyForm" name="OrderItemAddForm_1033753" action="OrderItemAdd" method="post" id="OrderItemAddForm_1033753">
		    <input type="hidden" name="storeId" value="10151"><input type="hidden" name="langId" value="44"><input type="hidden" name="catalogId" value="10241"><input type="hidden" name="errorViewName" value="PromotionDisplayView"><input type="hidden" name="SKU_ID" value="7802823"><input type="hidden" name="itemType" value=""><label class="access" for="quantity_1033752">Quantity</label>
		        
					<input name="quantity" id="quantity_1033752" type="text" size="3" value="1" class="quantity"><input type="hidden" name="catEntryId" value="1033753"><input type="hidden" name="productId" value="1033752"><input type="hidden" name="URL" value="http://www.sainsburys.co.uk/webapp/wcs/stores/servlet/PromotionDisplayView?msg=&amp;langId=44&amp;productId=434834&amp;storeId=10151&amp;krypto=Eslh5J0CB%2B9%2B%2F%2B33Ip0V5Dtfnw26s2%2FmGA4XwtmG%2Bb%2BBx4jHBxftnCmY2F62Bc%2F7LlaH%2B2%2BBJMeNWZCrAbkA3EW0GFs0eMJEzDO7gDfXIvTL91roOf6knthvirHe8NH91cuJGyIXKbUs23Qgp4rbP3JFZY%2BDn6LjNTEtJ08pMll1%2B6bKea6d6QdC6F4keXiUKGhx31U8d%2FZ7pRTkr9FIDw%3D%3D&amp;ddkey=http%3APromotionDisplayView"><input type="hidden" name="page" value=""><input type="hidden" name="contractId" value=""><input type="hidden" name="calculateOrder" value="1"><input type="hidden" name="calculationUsage" value="-1,-2,-3"><input type="hidden" name="updateable" value="1"><input type="hidden" name="merge" value="***"><input type="hidden" name="callAjax" value="false"><input class="button process" type="submit" name="Add" value="Add">
</form>
	<!-- END AddToTrolley.jsp -->
        <div class="numberInTrolley hidden numberInTrolley_1033752" id="numberInTrolley_1033752">
            
        </div>
     
	    	                                </div>	
	    	                            
	                        </div>
<!-- END priceTabContainer Add container --><!-- Subscribe container --><!-- Start AddToSubscriptionList.jspf --><!-- Start AddToSubscriptionList.jsp --><!-- End AddToSubscriptionList.jsp --><!-- End AddToSubscriptionList.jspf -->	
	                    </div>	
	                </div>	
	            </div>
            </div> 	
        	</div> 
	        <div id="additionalItems_1033753" class="additionalItems">
		    	<!-- BEGIN MerchandisingAssociationsDisplay.jsp --><!-- Start - JSP File Name:  MerchandisingAssociationsDisplay.jsp --><!-- END MerchandisingAssociationsDisplay.jsp -->	 
		    </div> 

	    <!-- END CatalogEntryThumbnailDisplay.jsp -->
                                    </li>
                                
                                    <li>
                                        
	                                                <div class="trolleySummary"><p class="savings">
	                                                         <!-- BEGIN include/PromotionStrapline.jspf -->Only £3.00: Save 60p<br><!-- FINISH include/PromotionStrapline.jspf --></p></div>
	                                            <!-- BEGIN CatalogEntryThumbnailDisplay.jsp --><!-- BEGIN MerchandisingAssociationsDisplay.jsp --><!-- Start - JSP File Name:  MerchandisingAssociationsDisplay.jsp --><!-- END MerchandisingAssociationsDisplay.jsp -->
	        <div class="errorBanner hidden" id="error1033749"></div>
	        
	        <div class="product ">
	            <div class="productInner">
	                <div class="productInfoWrapper">
	                    <div class="productInfo">
	                        
	                                <h3>
	                                    <a href="http://www.sainsburys.co.uk/shop/gb/groceries/sainsburys-steak-chianti---pasta--taste-the-difference-400g">
	                                        Sainsbury's Steak &amp; Chianti Conchiglioni Pasta, Taste the Difference 400g (Serves 1)
	                                        <img src="http://c2.sainsburys.co.uk/wcsstore7.20.1.145/ExtendedSitesCatalogAssetStore/images/catalog/productImages/13/0000001138313/0000001138313_M.jpeg" alt=""></a>
	                                </h3>
	                            
							<div class="ThumbnailRoundel">
							<!--ThumbnailRoundel --> 
							</div>
							<div class="promoBages">
								<!-- PROMOTION -->
							</div>

	
	                        <!-- Review --><!-- BEGIN CatalogEntryRatingsReviewsInfo.jspf --><!-- productAllowedRatingsAndReviews: true -->
    <div class="reviews">
        
            <a class="numberOfReviews" href="http://www.sainsburys.co.uk/shop/gb/groceries/sainsburys-steak-chianti---pasta--taste-the-difference-400g#reviews">
                <img src="http://c2.sainsburys.co.uk/wcsstore7.20.1.145/SainsburysStorefrontAssetStore/img/stars/rating-2_2.gif" alt="2.2222" border="0">  
                Reviews (9)
            </a>
        
    </div>
<!-- END CatalogEntryRatingsReviewsInfo.jspf -->
	                    </div>
	                    <!--ThumbnailRestriction -->
	                </div>
	         	
	                <div class="addToTrolleytabBox">
	                <!-- addToTrolleytabBox LIST VIEW--><!-- Start UserSubscribedOrNot.jspf --><!-- Start UserSubscribedOrNot.jsp --><!-- 
			If the user is not logged in, render this opening 
			DIV adding an addtional class to fix the border top which is removed 
			and replaced by the tabs
		-->
		<div class="addToTrolleytabContainer addItemBorderTop">
	<!-- End AddToSubscriptionList.jsp --><!-- End AddSubscriptionList.jspf --><!-- 
	                        ATTENTION!!!
	                        <div class="addToTrolleytabContainer">
	                        This opening div is inside "../../ReusableObjects/UserSubscribedOrNot.jsp"
	                        -->
	                	<div class="pricingAndTrolleyOptions">	
	    	                <div class="priceTab activeContainer priceTabContainer" id="addItem_1033749">	
	    	                    <div class="pricing">
	    	                        
	<p class="pricePerUnit">
    £3.00<abbr title="per">/</abbr><abbr title="unit"><span class="pricePerUnitUnit">unit</span></abbr>
</p>
 
    <p class="pricePerMeasure">£7.50<abbr title="per">/</abbr><abbr title="kilogram"><span class="pricePerMeasureMeasure">kg</span></abbr>
    </p>
 
	                                	
	    	                    </div>	
	    	                    	
	    	                                <div class="addToTrolleyForm ">	
	    	                                    <!-- BEGIN AddToTrolley.jsp -->

		<form class="addToTrolleyForm" name="OrderItemAddForm_1033749" action="OrderItemAdd" method="post" id="OrderItemAddForm_1033749">
		    <input type="hidden" name="storeId" value="10151"><input type="hidden" name="langId" value="44"><input type="hidden" name="catalogId" value="10241"><input type="hidden" name="errorViewName" value="PromotionDisplayView"><input type="hidden" name="SKU_ID" value="7802807"><input type="hidden" name="itemType" value=""><label class="access" for="quantity_1033748">Quantity</label>
		        
					<input name="quantity" id="quantity_1033748" type="text" size="3" value="1" class="quantity"><input type="hidden" name="catEntryId" value="1033749"><input type="hidden" name="productId" value="1033748"><input type="hidden" name="URL" value="http://www.sainsburys.co.uk/webapp/wcs/stores/servlet/PromotionDisplayView?msg=&amp;langId=44&amp;productId=434834&amp;storeId=10151&amp;krypto=Eslh5J0CB%2B9%2B%2F%2B33Ip0V5Dtfnw26s2%2FmGA4XwtmG%2Bb%2BBx4jHBxftnCmY2F62Bc%2F7LlaH%2B2%2BBJMeNWZCrAbkA3EW0GFs0eMJEzDO7gDfXIvTL91roOf6knthvirHe8NH91cuJGyIXKbUs23Qgp4rbP3JFZY%2BDn6LjNTEtJ08pMll1%2B6bKea6d6QdC6F4keXiUKGhx31U8d%2FZ7pRTkr9FIDw%3D%3D&amp;ddkey=http%3APromotionDisplayView"><input type="hidden" name="page" value=""><input type="hidden" name="contractId" value=""><input type="hidden" name="calculateOrder" value="1"><input type="hidden" name="calculationUsage" value="-1,-2,-3"><input type="hidden" name="updateable" value="1"><input type="hidden" name="merge" value="***"><input type="hidden" name="callAjax" value="false"><input class="button process" type="submit" name="Add" value="Add">
</form>
	<!-- END AddToTrolley.jsp -->
        <div class="numberInTrolley hidden numberInTrolley_1033748" id="numberInTrolley_1033748">
            
        </div>
     
	    	                                </div>	
	    	                            
	                        </div>
<!-- END priceTabContainer Add container --><!-- Subscribe container --><!-- Start AddToSubscriptionList.jspf --><!-- Start AddToSubscriptionList.jsp --><!-- End AddToSubscriptionList.jsp --><!-- End AddToSubscriptionList.jspf -->	
	                    </div>	
	                </div>	
	            </div>
            </div> 	
        	</div> 
	        <div id="additionalItems_1033749" class="additionalItems">
		    	<!-- BEGIN MerchandisingAssociationsDisplay.jsp --><!-- Start - JSP File Name:  MerchandisingAssociationsDisplay.jsp --><!-- END MerchandisingAssociationsDisplay.jsp -->	 
		    </div> 

	    <!-- END CatalogEntryThumbnailDisplay.jsp -->
                                    </li>
                                
                                    <li>
                                        
	                                                <div class="trolleySummary"><p class="savings">
	                                                         <!-- BEGIN include/PromotionStrapline.jspf -->Only £3.00: Save 60p<br><!-- FINISH include/PromotionStrapline.jspf --></p></div>
	                                            <!-- BEGIN CatalogEntryThumbnailDisplay.jsp --><!-- BEGIN MerchandisingAssociationsDisplay.jsp --><!-- Start - JSP File Name:  MerchandisingAssociationsDisplay.jsp --><!-- END MerchandisingAssociationsDisplay.jsp -->
	        <div class="errorBanner hidden" id="error434867"></div>
	        
	        <div class="product ">
	            <div class="productInner">
	                <div class="productInfoWrapper">
	                    <div class="productInfo">
	                        
	                                <h3>
	                                    <a href="http://www.sainsburys.co.uk/shop/gb/groceries/sainsburys-steak-au-poivre--taste-the-difference-450g-7332042-p-44">
	                                        Sainsbury's Steak Au Poivre, Taste the Difference 450g (Serves 1)
	                                        <img src="http://c2.sainsburys.co.uk/wcsstore7.20.1.145/ExtendedSitesCatalogAssetStore/images/catalog/productImages/29/0000001742329/0000001742329_M.jpeg" alt=""></a>
	                                </h3>
	                            
							<div class="ThumbnailRoundel">
							<!--ThumbnailRoundel --> 
							</div>
							<div class="promoBages">
								<!-- PROMOTION -->
							</div>

	
	                        <!-- Review --><!-- BEGIN CatalogEntryRatingsReviewsInfo.jspf --><!-- productAllowedRatingsAndReviews: true -->
    <div class="reviews">
        
            <a class="numberOfReviews" href="http://www.sainsburys.co.uk/shop/gb/groceries/sainsburys-steak-au-poivre--taste-the-difference-450g-7332042-p-44#reviews">
                <img src="http://c2.sainsburys.co.uk/wcsstore7.20.1.145/SainsburysStorefrontAssetStore/img/stars/rating-2_6.gif" alt="2.5556" border="0">  
                Reviews (9)
            </a>
        
    </div>
<!-- END CatalogEntryRatingsReviewsInfo.jspf -->
	                    </div>
	                    <!--ThumbnailRestriction -->
	                </div>
	         	
	                <div class="addToTrolleytabBox">
	                <!-- addToTrolleytabBox LIST VIEW--><!-- Start UserSubscribedOrNot.jspf --><!-- Start UserSubscribedOrNot.jsp --><!-- 
			If the user is not logged in, render this opening 
			DIV adding an addtional class to fix the border top which is removed 
			and replaced by the tabs
		-->
		<div class="addToTrolleytabContainer addItemBorderTop">
	<!-- End AddToSubscriptionList.jsp --><!-- End AddSubscriptionList.jspf --><!-- 
	                        ATTENTION!!!
	                        <div class="addToTrolleytabContainer">
	                        This opening div is inside "../../ReusableObjects/UserSubscribedOrNot.jsp"
	                        -->
	                	<div class="pricingAndTrolleyOptions">	
	    	                <div class="priceTab activeContainer priceTabContainer" id="addItem_434867">	
	    	                    <div class="pricing">
	    	                        
	<p class="pricePerUnit">
    £3.00<abbr title="per">/</abbr><abbr title="unit"><span class="pricePerUnitUnit">unit</span></abbr>
</p>
 
    <p class="pricePerMeasure">£6.67<abbr title="per">/</abbr><abbr title="kilogram"><span class="pricePerMeasureMeasure">kg</span></abbr>
    </p>
 
	                                	
	    	                    </div>	
	    	                    	
	    	                                <div class="addToTrolleyForm ">	
	    	                                    <!-- BEGIN AddToTrolley.jsp -->

		<form class="addToTrolleyForm" name="OrderItemAddForm_434867" action="OrderItemAdd" method="post" id="OrderItemAddForm_434867">
		    <input type="hidden" name="storeId" value="10151"><input type="hidden" name="langId" value="44"><input type="hidden" name="catalogId" value="10241"><input type="hidden" name="errorViewName" value="PromotionDisplayView"><input type="hidden" name="SKU_ID" value="7332042"><input type="hidden" name="itemType" value=""><label class="access" for="quantity_434866">Quantity</label>
		        
					<input name="quantity" id="quantity_434866" type="text" size="3" value="1" class="quantity"><input type="hidden" name="catEntryId" value="434867"><input type="hidden" name="productId" value="434866"><input type="hidden" name="URL" value="http://www.sainsburys.co.uk/webapp/wcs/stores/servlet/PromotionDisplayView?msg=&amp;langId=44&amp;productId=434834&amp;storeId=10151&amp;krypto=Eslh5J0CB%2B9%2B%2F%2B33Ip0V5Dtfnw26s2%2FmGA4XwtmG%2Bb%2BBx4jHBxftnCmY2F62Bc%2F7LlaH%2B2%2BBJMeNWZCrAbkA3EW0GFs0eMJEzDO7gDfXIvTL91roOf6knthvirHe8NH91cuJGyIXKbUs23Qgp4rbP3JFZY%2BDn6LjNTEtJ08pMll1%2B6bKea6d6QdC6F4keXiUKGhx31U8d%2FZ7pRTkr9FIDw%3D%3D&amp;ddkey=http%3APromotionDisplayView"><input type="hidden" name="page" value=""><input type="hidden" name="contractId" value=""><input type="hidden" name="calculateOrder" value="1"><input type="hidden" name="calculationUsage" value="-1,-2,-3"><input type="hidden" name="updateable" value="1"><input type="hidden" name="merge" value="***"><input type="hidden" name="callAjax" value="false"><input class="button process" type="submit" name="Add" value="Add">
</form>
	<!-- END AddToTrolley.jsp -->
        <div class="numberInTrolley hidden numberInTrolley_434866" id="numberInTrolley_434866">
            
        </div>
     
	    	                                </div>	
	    	                            
	                        </div>
<!-- END priceTabContainer Add container --><!-- Subscribe container --><!-- Start AddToSubscriptionList.jspf --><!-- Start AddToSubscriptionList.jsp --><!-- End AddToSubscriptionList.jsp --><!-- End AddToSubscriptionList.jspf -->	
	                    </div>	
	                </div>	
	            </div>
            </div> 	
        	</div> 
	        <div id="additionalItems_434867" class="additionalItems">
		    	<!-- BEGIN MerchandisingAssociationsDisplay.jsp --><!-- Start - JSP File Name:  MerchandisingAssociationsDisplay.jsp --><!-- END MerchandisingAssociationsDisplay.jsp -->	 
		    </div> 

	    <!-- END CatalogEntryThumbnailDisplay.jsp -->
                                    </li>
                                
                                    <li>
                                        
	                                                <div class="trolleySummary"><p class="savings">
	                                                         <!-- BEGIN include/PromotionStrapline.jspf -->Only £3.00: Save 60p<br><!-- FINISH include/PromotionStrapline.jspf --></p></div>
	                                            <!-- BEGIN CatalogEntryThumbnailDisplay.jsp --><!-- BEGIN MerchandisingAssociationsDisplay.jsp --><!-- Start - JSP File Name:  MerchandisingAssociationsDisplay.jsp --><!-- END MerchandisingAssociationsDisplay.jsp -->
	        <div class="errorBanner hidden" id="error1033747"></div>
	        
	        <div class="product ">
	            <div class="productInner">
	                <div class="productInfoWrapper">
	                    <div class="productInfo">
	                        
	                                <h3>
	                                    <a href="http://www.sainsburys.co.uk/shop/gb/groceries/sainsburys-steak-chianti---dumplings--taste-the-difference-400g">
	                                        Sainsbury's Steak Chianti &amp; Dumplings, Taste the Difference 400g (Serves 1)
	                                        <img src="http://c2.sainsburys.co.uk/wcsstore7.20.1.145/ExtendedSitesCatalogAssetStore/images/catalog/productImages/18/0000000242318/0000000242318_M.jpeg" alt=""></a>
	                                </h3>
	                            
							<div class="ThumbnailRoundel">
							<!--ThumbnailRoundel --> 
							</div>
							<div class="promoBages">
								<!-- PROMOTION -->
							</div>

	
	                        <!-- Review --><!-- BEGIN CatalogEntryRatingsReviewsInfo.jspf --><!-- productAllowedRatingsAndReviews: true -->
    <div class="reviews">
        
            <a class="numberOfReviews" href="http://www.sainsburys.co.uk/shop/gb/groceries/sainsburys-steak-chianti---dumplings--taste-the-difference-400g#reviews">
                <img src="http://c2.sainsburys.co.uk/wcsstore7.20.1.145/SainsburysStorefrontAssetStore/img/stars/rating-3_1.gif" alt="3.1429" border="0">  
                Reviews (14)
            </a>
        
    </div>
<!-- END CatalogEntryRatingsReviewsInfo.jspf -->
	                    </div>
	                    <!--ThumbnailRestriction -->
	                </div>
	         	
	                <div class="addToTrolleytabBox">
	                <!-- addToTrolleytabBox LIST VIEW--><!-- Start UserSubscribedOrNot.jspf --><!-- Start UserSubscribedOrNot.jsp --><!-- 
			If the user is not logged in, render this opening 
			DIV adding an addtional class to fix the border top which is removed 
			and replaced by the tabs
		-->
		<div class="addToTrolleytabContainer addItemBorderTop">
	<!-- End AddToSubscriptionList.jsp --><!-- End AddSubscriptionList.jspf --><!-- 
	                        ATTENTION!!!
	                        <div class="addToTrolleytabContainer">
	                        This opening div is inside "../../ReusableObjects/UserSubscribedOrNot.jsp"
	                        -->
	                	<div class="pricingAndTrolleyOptions">	
	    	                <div class="priceTab activeContainer priceTabContainer" id="addItem_1033747">	
	    	                    <div class="pricing">
	    	                        
	<p class="pricePerUnit">
    £3.00<abbr title="per">/</abbr><abbr title="unit"><span class="pricePerUnitUnit">unit</span></abbr>
</p>
 
    <p class="pricePerMeasure">£7.50<abbr title="per">/</abbr><abbr title="kilogram"><span class="pricePerMeasureMeasure">kg</span></abbr>
    </p>
 
	                                	
	    	                    </div>	
	    	                    	
	    	                                <div class="addToTrolleyForm ">	
	    	                                    <!-- BEGIN AddToTrolley.jsp -->

		<form class="addToTrolleyForm" name="OrderItemAddForm_1033747" action="OrderItemAdd" method="post" id="OrderItemAddForm_1033747">
		    <input type="hidden" name="storeId" value="10151"><input type="hidden" name="langId" value="44"><input type="hidden" name="catalogId" value="10241"><input type="hidden" name="errorViewName" value="PromotionDisplayView"><input type="hidden" name="SKU_ID" value="7802794"><input type="hidden" name="itemType" value=""><label class="access" for="quantity_1033746">Quantity</label>
		        
					<input name="quantity" id="quantity_1033746" type="text" size="3" value="1" class="quantity"><input type="hidden" name="catEntryId" value="1033747"><input type="hidden" name="productId" value="1033746"><input type="hidden" name="URL" value="http://www.sainsburys.co.uk/webapp/wcs/stores/servlet/PromotionDisplayView?msg=&amp;langId=44&amp;productId=434834&amp;storeId=10151&amp;krypto=Eslh5J0CB%2B9%2B%2F%2B33Ip0V5Dtfnw26s2%2FmGA4XwtmG%2Bb%2BBx4jHBxftnCmY2F62Bc%2F7LlaH%2B2%2BBJMeNWZCrAbkA3EW0GFs0eMJEzDO7gDfXIvTL91roOf6knthvirHe8NH91cuJGyIXKbUs23Qgp4rbP3JFZY%2BDn6LjNTEtJ08pMll1%2B6bKea6d6QdC6F4keXiUKGhx31U8d%2FZ7pRTkr9FIDw%3D%3D&amp;ddkey=http%3APromotionDisplayView"><input type="hidden" name="page" value=""><input type="hidden" name="contractId" value=""><input type="hidden" name="calculateOrder" value="1"><input type="hidden" name="calculationUsage" value="-1,-2,-3"><input type="hidden" name="updateable" value="1"><input type="hidden" name="merge" value="***"><input type="hidden" name="callAjax" value="false"><input class="button process" type="submit" name="Add" value="Add">
</form>
	<!-- END AddToTrolley.jsp -->
        <div class="numberInTrolley hidden numberInTrolley_1033746" id="numberInTrolley_1033746">
            
        </div>
     
	    	                                </div>	
	    	                            
	                        </div>
<!-- END priceTabContainer Add container --><!-- Subscribe container --><!-- Start AddToSubscriptionList.jspf --><!-- Start AddToSubscriptionList.jsp --><!-- End AddToSubscriptionList.jsp --><!-- End AddToSubscriptionList.jspf -->	
	                    </div>	
	                </div>	
	            </div>
            </div> 	
        	</div> 
	        <div id="additionalItems_1033747" class="additionalItems">
		    	<!-- BEGIN MerchandisingAssociationsDisplay.jsp --><!-- Start - JSP File Name:  MerchandisingAssociationsDisplay.jsp --><!-- END MerchandisingAssociationsDisplay.jsp -->	 
		    </div> 

	    <!-- END CatalogEntryThumbnailDisplay.jsp -->
                                    </li>
                                
                    </ul>
<h2 class="access">Product pagination</h2>
<div class="pagination paginationBottom">

    
    <ul class="pages">
<li class="previous">
		        
		        <span class="access">Go to previous page</span>
		        
            </li>

        <li class="current">
<span class="access">Current page </span><span>1</span>
</li>
        
            <li><a href="http://www.sainsburys.co.uk/shop/PromotionDisplayView?pageSize=20&amp;searchTerm=&amp;catalogId=10241&amp;orderBy=FAVOURITES_FIRST&amp;top_category=&amp;parent_category_rn=&amp;listId=&amp;categoryId=&amp;langId=44&amp;beginIndex=20&amp;storeId=10151&amp;promotionId=10230569"><span class="access">Page </span><span>2</span></a></li>
        
            <li class="next">
        
            <a href="http://www.sainsburys.co.uk/shop/PromotionDisplayView?pageSize=20&amp;searchTerm=&amp;catalogId=10241&amp;orderBy=FAVOURITES_FIRST&amp;top_category=&amp;parent_category_rn=&amp;listId=&amp;categoryId=&amp;langId=44&amp;beginIndex=20&amp;storeId=10151&amp;promotionId=10230569">
        
        <span class="access">Go to next page</span>
        
            </a>
        
            </li>
    </ul>
</div>
                    
                </div>    
                <!-- Content End --><!-- Main Content End -->
            </div>
            <!-- auxiliary Start -->
            <div class="aside" id="auxiliary">
                <!-- BEGIN RightHandSide.jspf -->
<div id="auxiliaryDock">
    <!-- BEGIN RightHandSide.jsp -->

<div class="panel loginPanel">
	
    <div id="sitecatalyst_ESPOT_NAME_NZ_Welcome_Back_RHS_Espot" class="siteCatalystTag">NZ_Welcome_Back_RHS_Espot</div>

                    
	<h2>Already a customer?</h2>
    <form name="signIn" method="post" action="LogonView" id="Rhs_signIn">
        <input type="hidden" name="storeId" value="10151"><input type="hidden" name="langId" value="44"><input type="hidden" name="catalogId" value="10241"><input type="hidden" name="URL" value="http://www.sainsburys.co.uk/webapp/wcs/stores/servlet/PromotionDisplayView?msg=&amp;langId=44&amp;productId=434834&amp;storeId=10151&amp;krypto=Eslh5J0CB%2B9%2B%2F%2B33Ip0V5Dtfnw26s2%2FmGA4XwtmG%2Bb%2BBx4jHBxftnCmY2F62Bc%2F7LlaH%2B2%2BBJMeNWZCrAbkA3EW0GFs0eMJEzDO7gDfXIvTL91roOf6knthvirHe8NH91cuJGyIXKbUs23Qgp4rbP3JFZY%2BDn6LjNTEtJ08pMll1%2B6bKea6d6QdC6F4keXiUKGhx31U8d%2FZ7pRTkr9FIDw%3D%3D&amp;ddkey=http%3APromotionDisplayView"><input type="hidden" name="logonCallerId" value="LogonButton"><input type="hidden" name="errorViewName" value="PromotionDisplayView"><input class="button process" type="submit" value="Log in">
</form>
    
	<div class="panelFooter">
		<p class="register">Not yet registered? 
		<a class="callToAction" name="register" href="http://www.sainsburys.co.uk/shop/PostcodeCheckView?catalogId=10122&amp;currentPageUrl=http%3A%2F%2Fwww.sainsburys.co.uk%2Fwebapp%2Fwcs%2Fstores%2Fservlet%2FPromotionDisplayView%3Fmsg%3D%26langId%3D44%26productId%3D434834%26storeId%3D10151%26krypto%3DEslh5J0CB%252B9%252B%252F%252B33Ip0V5Dtfnw26s2%252FmGA4XwtmG%252Bb%252BBx4jHBxftnCmY2F62Bc%252F7LlaH%252B2%252BBJMeNWZCrAbkA3EW0GFs0eMJEzDO7gDfXIvTL91roOf6knthvirHe8NH91cuJGyIXKbUs23Qgp4rbP3JFZY%252BDn6LjNTEtJ08pMll1%252B6bKea6d6QdC6F4keXiUKGhx31U8d%252FZ7pRTkr9FIDw%253D%253D%26ddkey%3Dhttp%253APromotionDisplayView&amp;langId=44&amp;storeId=10151"> Register Now</a></p>
	</div>
</div>
<div class="panel imagePanel checkPostCodePanel" id="checkPostCodePanel">
	
    <div id="sitecatalyst_ESPOT_NAME_NZ_Do_We_Deliver_To_You_Espot" class="siteCatalystTag">NZ_Do_We_Deliver_To_You_Espot</div>

        <h2>New customer?</h2>
    

    <p>Enter your postcode to check we deliver in your area.</p>
    
    
      <div id="PostCodeMessageArea" class="errorMessage" style="display:none;">
      </div>
    
	<form name="CheckPostCode" method="post" action="/webapp/wcs/stores/servlet/CheckPostCode" id="Rhs_checkPostCode">
		<input type="hidden" name="langId" value="44"><input type="hidden" name="storeId" value="10151"><input type="hidden" name="currentPageUrl" value="http://www.sainsburys.co.uk/webapp/wcs/stores/servlet/PromotionDisplayView?msg=&amp;langId=44&amp;productId=434834&amp;storeId=10151&amp;krypto=Eslh5J0CB%2B9%2B%2F%2B33Ip0V5Dtfnw26s2%2FmGA4XwtmG%2Bb%2BBx4jHBxftnCmY2F62Bc%2F7LlaH%2B2%2BBJMeNWZCrAbkA3EW0GFs0eMJEzDO7gDfXIvTL91roOf6knthvirHe8NH91cuJGyIXKbUs23Qgp4rbP3JFZY%2BDn6LjNTEtJ08pMll1%2B6bKea6d6QdC6F4keXiUKGhx31U8d%2FZ7pRTkr9FIDw%3D%3D&amp;ddkey=http%3APromotionDisplayView"><input type="hidden" name="currentViewName" value="PromotionDisplayView"><input type="hidden" name="messageAreaId" value="PostCodeMessageArea"><div class="field">
			<div class="indicator">
				<label class="access" for="postCode">Postcode</label>
			</div>
			<div class="input">
				<input type="text" name="postCode" id="postCode" maxlength="8" value="">
</div>
		</div>
		<div class="actions">
			<input class="button primary process" type="submit" value="Check postcode">
</div>      
	</form>
</div>
<!-- END RightHandSide.jsp --><!-- BEGIN MiniShopCartDisplay.jsp --><!-- If we get here from a generic error this service will fail so we need to catch the exception -->
		<div class="panel infoPanel">
			<span class="icon infoIcon"></span>
		   	<h2>Important Information</h2>
			<p>Alcohol promotions available to online customers serviced from our Scottish stores may differ from those shown when browsing our site. Please log in to see the full range of promotions available to you.</p>
		</div>
	<!-- END MiniShopCartDisplay.jsp -->
</div>
<!-- END RightHandSide.jspf -->
            </div>
            <!-- auxiliary End -->
        </div>
        <!-- Footer Start Start --><!-- BEGIN LayoutContainerBottom.jspf --><!-- BEGIN FooterDisplay.jspf -->


<div id="globalFooter" class="footer">
    <ul>
<li><a href="http://www.sainsburys.co.uk/privacy">Privacy policy</a></li>
	<li><a href="http://www.sainsburys.co.uk/cookies">Cookie policy</a></li>
	<li><a href="http://www.sainsburys.co.uk/terms">Terms &amp; conditions</a></li>
	<li><a href="http://www.sainsburys.co.uk/accessibility">Accessibility</a></li>
	<li><a href="http://help.sainsburys.co.uk/" rel="external" target="_blank" title="Opens in new window">Help Centre<span class="access"> (opens in a new window/tab)</span></a></li>
	<li><a href="http://help.sainsburys.co.uk/help/how_to_contact_us">Contact us</a></li>
	<li><a href="/webapp/wcs/stores/servlet/DeviceOverride?deviceId=-21&amp;langId=44&amp;storeId=10151">Mobile</a></li>
</ul>
</div>

<!-- END FooterDisplay.jspf --><!-- END LayoutContainerBottom.jspf --><!-- Footer Start End -->
    </div>
    <!-- Bright Tagger start -->

	<div id="sitecatalyst_ws" class="siteCatalystTag"></div>
	
    <script type="text/javascript">
        var brightTagStAccount = 'sp0XdVN';
    </script><noscript>
        &lt;iframe src="//s.thebrighttag.com/iframe?c=sp0XdVN" width="1" height="1" frameborder="0" scrolling="no" marginheight="0" marginwidth="0"&gt;&lt;/iframe&gt;
    </noscript>
<!-- Bright Tagger End -->
 <script type="text/javascript">
 (function(){
 
    
    
        digitalData.page = {pageInfo:{},events:[]}; //If there is no event then create an event array
    
        var pageName = '6288331' ? document.body.id+':6288331':document.body.id; digitalData.page.pageInfo.pageName =pageName;
        var breadCrumb = document.querySelectorAll('#breadcrumbNavList > li > a,#breadcrumbNavList > li > strong,#breadcrumbNavList > li > span > strong');
        var element = [];
        for (var i=0,il=breadCrumb.length; i<il; i++) {
            element.push(breadCrumb[i].textContent.trim());
        }
        var bElement = element ? element.join('::'):'';
        
    
                if (bElement.length > 0 && bElement.trim()) { 
                    digitalData.page.pageInfo.breadCrumbs = 'Groceries::' + bElement;
                }
        

    var messagesDD;
    
    
	    digitalData.user = {
	        profile : {
	            profileInfo : {
	                websphereId : '',
	                deliveryPostcode: '',
	                deliveryStoreId: '',
	                deliverySlot: '',
	                deliveryCost: '',
	                deliveryOption: '',
	                deliveryType: '',
	                shoppingmode: '',
	                isSameDay: '',
	                blueMartini:''
	            }
	        } 
	    };
    
        
})();
</script><div class="tooltip" id="JSTooltip" style="position: absolute; left: -999px; top: -999px;"><div class="tooltipInner">
<a href="#" class="closeTooltip" id="JSTooltipClose">Close<span class="access"> this tooltip and return to the page</span></a><div class="tooltipText" id="JSTooltipText"></div>
<div class="tooltipArrow" id="JSTooltipArrow"></div>
</div></div>
</body>
</html>
