<!DOCTYPE html>
<html class="js dj_webkit dj_safari dj_contentbox" xmlns:wairole="http://www.w3.org/2005/01/wai-rdf/GUIRoleTaxonomy#" xmlns:waistate="http://www.w3.org/2005/07/aaa" lang="en" xml:lang="en">
<!-- BEGIN CategoriesDisplay.jsp --><head>
<meta http-equiv="Content-Type" content="text/html; charset=UTF-8">
<title>Fruit flavoured | Sainsbury's</title>
<meta name="description" content="Buy Fruit flavoured online from Sainsbury's, the same great quality, freshness and choice you'd find in store. Choose from 1 hour delivery slots and collect Nectar points.">
<meta name="keyword" content="">
<link rel="canonical" href="http://www.sainsburys.co.uk/shop/gb/groceries/drinks/fruit-flavoured">
<!-- BEGIN CommonCSSToInclude.jspf --><!--[if IE 8]>
    <link type="text/css" href="http://c1.sainsburys.co.uk/wcsstore7.20.1.145/SainsburysStorefrontAssetStore/css/main-ie8.min.css" rel="stylesheet" media="all" />
	<![endif]--><!--[if !IE 8]><!--><link type="text/css" href="http://c1.sainsburys.co.uk/wcsstore7.20.1.145/SainsburysStorefrontAssetStore/css/main.min.css" rel="stylesheet" media="all">
<!--<![endif]--><link type="text/css" href="http://c1.sainsburys.co.uk/wcsstore7.20.1.145/SainsburysStorefrontAssetStore/wcassets/groceries/css/espot.css" rel="stylesheet" media="all">
<link type="text/css" href="http://c1.sainsburys.co.uk/wcsstore7.20.1.145/SainsburysStorefrontAssetStore/css/print.css" rel="stylesheet" media="print">
<!-- END CommonCSSToInclude.jspf --><!-- BEGIN CommonJSToInclude.jspf --><meta name="CommerceSearch" content="storeId_10151">
<script type="text/javascript" src="http://www.ist-track.com/ContainerJavaScript.ashx?id=05B9FE83-74B1-43EB-B589-1CFE77B68E2C"></script><script type="text/javascript" src="http://tracker.marinsm.com/tracker/async/529av24112.js"></script><script type="text/javascript" src="https://www.googleadservices.com/pagead/conversion_async.js"></script><script type="text/javascript" src="https://connect.facebook.net/en_US/fbevents.js"></script><script type="text/javascript" src="//s.thebrighttag.com/tag?site=sp0XdVN&amp;H=-j2ktr2e&amp;cf=645150%2C969119%2C1501197%2C3868479&amp;mode=v1"></script><script type="text/javascript" src="http://s.btstatic.com/BrightTag.jquery-1.5.1.js"></script><script type="text/javascript" src="//www.gstatic.com/attribution/collection/attributiontools.js"></script><script type="text/javascript" src="//s.btstatic.com/lib/0aa48296ca7b6182261af570d7367f790c666cd4.js?v=2"></script><script type="text/javascript" src="//s.btstatic.com/lib/32da0331f93c723a43b2e19faddf77b41f99d326.js?v=2"></script><script type="text/javascript" src="//s.btstatic.com/lib/0bf5d7aa6f82472c841c09fb805f6ccb726da921.js?v=2"></script><script type="text/javascript" src="//s.btstatic.com/lib/525a43d946bca9c8f07bfcc56a1feb3d26d65ccb.js?v=2"></script><script type="text/javascript" src="//s.thebrighttag.com/tag?site=sp0XdVN&amp;H=-j2ktr2e"></script><script async="" src="//s.btstatic.com/tag.js#site=sp0XdVN"></script><script type="text/javascript" charset="utf-8" src="http://c1.sainsburys.co.uk/wcsstore7.20.1.145/SainsburysStorefrontAssetStore/js/dojo.1.7.1/dojo/fx/easing.js"></script><script type="text/javascript" charset="utf-8" src="http://c1.sainsburys.co.uk/wcsstore7.20.1.145/SainsburysStorefrontAssetStore/js/dojo.1.7.1/dojo/NodeList-traverse.js"></script><script type="text/javascript" charset="utf-8" src="http://c1.sainsburys.co.uk/wcsstore7.20.1.145/SainsburysStorefrontAssetStore/js/dojo.1.7.1/dojox/NodeList/delegate.js"></script><script type="text/javascript" charset="utf-8" src="http://c1.sainsburys.co.uk/wcsstore7.20.1.145/SainsburysStorefrontAssetStore/js/dojo.1.7.1/dojo/hash.js"></script><script type="text/javascript" charset="utf-8" src="http://c1.sainsburys.co.uk/wcsstore7.20.1.145/SainsburysStorefrontAssetStore/js/dojo.1.7.1/dojox/html/entities.js"></script><script type="text/javascript" charset="utf-8" src="http://c1.sainsburys.co.uk/wcsstore7.20.1.145/SainsburysStorefrontAssetStore/js/dojo.1.7.1/dojo/parser.js"></script><script type="text/javascript" charset="utf-8" src="http://c1.sainsburys.co.uk/wcsstore7.20.1.145/SainsburysStorefrontAssetStore/js/dojo.1.7.1/dijit/layout/AccordionContainer.js"></script><script type="text/javascript" charset="utf-8" src="http://c1.sainsburys.co.uk/wcsstore7.20.1.145/SainsburysStorefrontAssetStore/js/dojo.1.7.1/dijit/layout/ContentPane.js"></script><script type="text/javascript" charset="utf-8" src="http://c1.sainsburys.co.uk/wcsstore7.20.1.145/SainsburysStorefrontAssetStore/js/dojo.1.7.1/dojox/widget/AutoRotator.js"></script><script type="text/javascript" charset="utf-8" src="http://c1.sainsburys.co.uk/wcsstore7.20.1.145/SainsburysStorefrontAssetStore/js/dojo.1.7.1/dojox/widget/rotator/Fade.js"></script><script type="text/javascript" charset="utf-8" src="http://c1.sainsburys.co.uk/wcsstore7.20.1.145/SainsburysStorefrontAssetStore/js/dojo.1.7.1/dojo/fx.js"></script><script type="text/javascript" charset="utf-8" src="http://c1.sainsburys.co.uk/wcsstore7.20.1.145/SainsburysStorefrontAssetStore/js/dojo.1.7.1/dojo/_base/url.js"></script><script type="text/javascript" charset="utf-8" src="http://c1.sainsburys.co.uk/wcsstore7.20.1.145/SainsburysStorefrontAssetStore/js/dojo.1.7.1/dojo/date/stamp.js"></script><script type="text/javascript" charset="utf-8" src="http://c1.sainsburys.co.uk/wcsstore7.20.1.145/SainsburysStorefrontAssetStore/js/dojo.1.7.1/dijit/focus.js"></script><script type="text/javascript" charset="utf-8" src="http://c1.sainsburys.co.uk/wcsstore7.20.1.145/SainsburysStorefrontAssetStore/js/dojo.1.7.1/dijit/_base/manager.js"></script><script type="text/javascript" charset="utf-8" src="http://c1.sainsburys.co.uk/wcsstore7.20.1.145/SainsburysStorefrontAssetStore/js/dojo.1.7.1/dijit/_Widget.js"></script><script type="text/javascript" charset="utf-8" src="http://c1.sainsburys.co.uk/wcsstore7.20.1.145/SainsburysStorefrontAssetStore/js/dojo.1.7.1/dijit/_Container.js"></script><script type="text/javascript" charset="utf-8" src="http://c1.sainsburys.co.uk/wcsstore7.20.1.145/SainsburysStorefrontAssetStore/js/dojo.1.7.1/dijit/_TemplatedMixin.js"></script><script type="text/javascript" charset="utf-8" src="http://c1.sainsburys.co.uk/wcsstore7.20.1.145/SainsburysStorefrontAssetStore/js/dojo.1.7.1/dijit/_CssStateMixin.js"></script><script type="text/javascript" charset="utf-8" src="http://c1.sainsburys.co.uk/wcsstore7.20.1.145/SainsburysStorefrontAssetStore/js/dojo.1.7.1/dijit/layout/StackContainer.js"></script><script type="text/javascript" charset="utf-8" src="http://c1.sainsburys.co.uk/wcsstore7.20.1.145/SainsburysStorefrontAssetStore/js/dojo.1.7.1/dojo/text.js"></script><script type="text/javascript" charset="utf-8" src="http://c1.sainsburys.co.uk/wcsstore7.20.1.145/SainsburysStorefrontAssetStore/js/dojo.1.7.1/dijit/layout/_ContentPaneResizeMixin.js"></script><script type="text/javascript" charset="utf-8" src="http://c1.sainsburys.co.uk/wcsstore7.20.1.145/SainsburysStorefrontAssetStore/js/dojo.1.7.1/dojo/string.js"></script><script type="text/javascript" charset="utf-8" src="http://c1.sainsburys.co.uk/wcsstore7.20.1.145/SainsburysStorefrontAssetStore/js/dojo.1.7.1/dojo/html.js"></script><script type="text/javascript" charset="utf-8" src="http://c1.sainsburys.co.uk/wcsstore7.20.1.145/SainsburysStorefrontAssetStore/js/dojo.1.7.1/dojo/i18n.js"></script><script type="text/javascript" charset="utf-8" src="http://c1.sainsburys.co.uk/wcsstore7.20.1.145/SainsburysStorefrontAssetStore/js/dojo.1.7.1/dijit/main.js"></script><script type="text/javascript" charset="utf-8" src="http://c1.sainsburys.co.uk/wcsstore7.20.1.145/SainsburysStorefrontAssetStore/js/dojo.1.7.1/dojox/main.js"></script><script type="text/javascript" charset="utf-8" src="http://c1.sainsburys.co.uk/wcsstore7.20.1.145/SainsburysStorefrontAssetStore/js/dojo.1.7.1/dojo/require.js"></script><script type="text/javascript" charset="utf-8" src="http://c1.sainsburys.co.uk/wcsstore7.20.1.145/SainsburysStorefrontAssetStore/js/dojo.1.7.1/dojo/Stateful.js"></script><script type="text/javascript" charset="utf-8" src="http://c1.sainsburys.co.uk/wcsstore7.20.1.145/SainsburysStorefrontAssetStore/js/dojo.1.7.1/dojo/window.js"></script><script type="text/javascript" charset="utf-8" src="http://c1.sainsburys.co.uk/wcsstore7.20.1.145/SainsburysStorefrontAssetStore/js/dojo.1.7.1/dijit/a11y.js"></script><script type="text/javascript" charset="utf-8" src="http://c1.sainsburys.co.uk/wcsstore7.20.1.145/SainsburysStorefrontAssetStore/js/dojo.1.7.1/dijit/registry.js"></script><script type="text/javascript" charset="utf-8" src="http://c1.sainsburys.co.uk/wcsstore7.20.1.145/SainsburysStorefrontAssetStore/js/dojo.1.7.1/dijit/_WidgetBase.js"></script><script type="text/javascript" charset="utf-8" src="http://c1.sainsburys.co.uk/wcsstore7.20.1.145/SainsburysStorefrontAssetStore/js/dojo.1.7.1/dijit/_OnDijitClickMixin.js"></script><script type="text/javascript" charset="utf-8" src="http://c1.sainsburys.co.uk/wcsstore7.20.1.145/SainsburysStorefrontAssetStore/js/dojo.1.7.1/dijit/_FocusMixin.js"></script><script type="text/javascript" charset="utf-8" src="http://c1.sainsburys.co.uk/wcsstore7.20.1.145/SainsburysStorefrontAssetStore/js/dojo.1.7.1/dojo/uacss.js"></script><script type="text/javascript" charset="utf-8" src="http://c1.sainsburys.co.uk/wcsstore7.20.1.145/SainsburysStorefrontAssetStore/js/dojo.1.7.1/dijit/hccss.js"></script><script type="text/javascript" charset="utf-8" src="http://c1.sainsburys.co.uk/wcsstore7.20.1.145/SainsburysStorefrontAssetStore/js/dojo.1.7.1/dojo/touch.js"></script><script type="text/javascript" charset="utf-8" src="http://c1.sainsburys.co.uk/wcsstore7.20.1.145/SainsburysStorefrontAssetStore/js/dojo.1.7.1/dojo/cache.js"></script><script type="text/javascript" charset="utf-8" src="http://c1.sainsburys.co.uk/wcsstore7.20.1.145/SainsburysStorefrontAssetStore/js/dojo.1.7.1/dojo/cookie.js"></script><script type="text/javascript" charset="utf-8" src="http://c1.sainsburys.co.uk/wcsstore7.20.1.145/SainsburysStorefrontAssetStore/js/dojo.1.7.1/dijit/layout/_LayoutWidget.js"></script><script type="text/javascript" charset="utf-8" src="http://c1.sainsburys.co.uk/wcsstore7.20.1.145/SainsburysStorefrontAssetStore/js/dojo.1.7.1/dijit/layout/utils.js"></script><script type="text/javascript" charset="utf-8" src="http://c1.sainsburys.co.uk/wcsstore7.20.1.145/SainsburysStorefrontAssetStore/js/dojo.1.7.1/dijit/_Contained.js"></script><script type="text/javascript" charset="utf-8" src="http://c1.sainsburys.co.uk/wcsstore7.20.1.145/SainsburysStorefrontAssetStore/js/dojo.1.7.1/dijit/nls/loading.js"></script><script type="text/javascript" charset="utf-8" src="http://c1.sainsburys.co.uk/wcsstore7.20.1.145/SainsburysStorefrontAssetStore/js/dojo.1.7.1/dijit/nls/common.js"></script><script type="text/javascript" charset="utf-8" src="http://c1.sainsburys.co.uk/wcsstore7.20.1.145/SainsburysStorefrontAssetStore/js/dojo.1.7.1/dojox/widget/Rotator.js"></script><script type="text/javascript" charset="utf-8" src="http://c1.sainsburys.co.uk/wcsstore7.20.1.145/SainsburysStorefrontAssetStore/js/dojo.1.7.1/dojo/regexp.js"></script><script type="text/javascript" charset="utf-8" src="http://c1.sainsburys.co.uk/wcsstore7.20.1.145/SainsburysStorefrontAssetStore/js/dojo.1.7.1/dojo/fx/Toggler.js"></script><script type="text/javascript" charset="utf-8" src="http://c1.sainsburys.co.uk/wcsstore7.20.1.145/SainsburysStorefrontAssetStore/js/dojo.1.7.1/dijit/_base.js"></script><script type="text/javascript" charset="utf-8" src="http://c1.sainsburys.co.uk/wcsstore7.20.1.145/SainsburysStorefrontAssetStore/js/dojo.1.7.1/dijit/WidgetSet.js"></script><script type="text/javascript" charset="utf-8" src="http://c1.sainsburys.co.uk/wcsstore7.20.1.145/SainsburysStorefrontAssetStore/js/dojo.1.7.1/dijit/_base/focus.js"></script><script type="text/javascript" charset="utf-8" src="http://c1.sainsburys.co.uk/wcsstore7.20.1.145/SainsburysStorefrontAssetStore/js/dojo.1.7.1/dijit/_base/place.js"></script><script type="text/javascript" charset="utf-8" src="http://c1.sainsburys.co.uk/wcsstore7.20.1.145/SainsburysStorefrontAssetStore/js/dojo.1.7.1/dijit/_base/popup.js"></script><script type="text/javascript" charset="utf-8" src="http://c1.sainsburys.co.uk/wcsstore7.20.1.145/SainsburysStorefrontAssetStore/js/dojo.1.7.1/dijit/_base/scroll.js"></script><script type="text/javascript" charset="utf-8" src="http://c1.sainsburys.co.uk/wcsstore7.20.1.145/SainsburysStorefrontAssetStore/js/dojo.1.7.1/dijit/_base/sniff.js"></script><script type="text/javascript" charset="utf-8" src="http://c1.sainsburys.co.uk/wcsstore7.20.1.145/SainsburysStorefrontAssetStore/js/dojo.1.7.1/dijit/_base/typematic.js"></script><script type="text/javascript" charset="utf-8" src="http://c1.sainsburys.co.uk/wcsstore7.20.1.145/SainsburysStorefrontAssetStore/js/dojo.1.7.1/dijit/_base/wai.js"></script><script type="text/javascript" charset="utf-8" src="http://c1.sainsburys.co.uk/wcsstore7.20.1.145/SainsburysStorefrontAssetStore/js/dojo.1.7.1/dijit/_base/window.js"></script><script type="text/javascript" charset="utf-8" src="http://c1.sainsburys.co.uk/wcsstore7.20.1.145/SainsburysStorefrontAssetStore/js/dojo.1.7.1/dijit/place.js"></script><script type="text/javascript" charset="utf-8" src="http://c1.sainsburys.co.uk/wcsstore7.20.1.145/SainsburysStorefrontAssetStore/js/dojo.1.7.1/dijit/popup.js"></script><script type="text/javascript" charset="utf-8" src="http://c1.sainsburys.co.uk/wcsstore7.20.1.145/SainsburysStorefrontAssetStore/js/dojo.1.7.1/dijit/BackgroundIframe.js"></script><script type="text/javascript" charset="utf-8" src="http://c1.sainsburys.co.uk/wcsstore7.20.1.145/SainsburysStorefrontAssetStore/js/dojo.1.7.1/dijit/typematic.js"></script><script type="text/javascript" charset="utf-8" src="http://c1.sainsburys.co.uk/wcsstore7.20.1.145/SainsburysStorefrontAssetStore/js/dojo.1.7.1/dijit/layout/StackController.js"></script><script type="text/javascript" charset="utf-8" src="http://c1.sainsburys.co.uk/wcsstore7.20.1.145/SainsburysStorefrontAssetStore/js/dojo.1.7.1/dijit/form/ToggleButton.js"></script><script type="text/javascript" charset="utf-8" src="http://c1.sainsburys.co.uk/wcsstore7.20.1.145/SainsburysStorefrontAssetStore/js/dojo.1.7.1/dijit/form/Button.js"></script><script type="text/javascript" charset="utf-8" src="http://c1.sainsburys.co.uk/wcsstore7.20.1.145/SainsburysStorefrontAssetStore/js/dojo.1.7.1/dijit/form/_ToggleButtonMixin.js"></script><script type="text/javascript" charset="utf-8" src="http://c1.sainsburys.co.uk/wcsstore7.20.1.145/SainsburysStorefrontAssetStore/js/dojo.1.7.1/dijit/form/_FormWidget.js"></script><script type="text/javascript" charset="utf-8" src="http://c1.sainsburys.co.uk/wcsstore7.20.1.145/SainsburysStorefrontAssetStore/js/dojo.1.7.1/dijit/form/_ButtonMixin.js"></script><script type="text/javascript" charset="utf-8" src="http://c1.sainsburys.co.uk/wcsstore7.20.1.145/SainsburysStorefrontAssetStore/js/dojo.1.7.1/dijit/form/_FormWidgetMixin.js"></script><script type="text/javascript" charset="utf-8" src="http://c1.sainsburys.co.uk/wcsstore7.20.1.145/SainsburysStorefrontAssetStore/js/dojo.1.7.1/dijit/layout/AccordionPane.js"></script><script type="text/javascript" charset="utf-8" src="http://c1.sainsburys.co.uk/wcsstore7.20.1.145/SainsburysStorefrontAssetStore/js/dojo.1.7.1/dijit/form/_FormValueWidget.js"></script><script type="text/javascript" charset="utf-8" src="http://c1.sainsburys.co.uk/wcsstore7.20.1.145/SainsburysStorefrontAssetStore/js/dojo.1.7.1/dijit/form/_FormValueMixin.js"></script><script type="text/javascript" charset="utf-8" src="http://c1.sainsburys.co.uk/wcsstore7.20.1.145/SainsburysStorefrontAssetStore/js/dojo.1.7.1/dijit/form/DropDownButton.js"></script><script type="text/javascript" charset="utf-8" src="http://c1.sainsburys.co.uk/wcsstore7.20.1.145/SainsburysStorefrontAssetStore/js/dojo.1.7.1/dijit/form/ComboButton.js"></script><script type="text/javascript" charset="utf-8" src="http://c1.sainsburys.co.uk/wcsstore7.20.1.145/SainsburysStorefrontAssetStore/js/dojo.1.7.1/dijit/_HasDropDown.js"></script><script type="text/javascript">  
    var _deliverySlotInfo = {                          
            expiryDateTime: '',
            currentDateTime: 'March 20,2017 08:20:58',
            ajaxCountDownUrl: 'CountdownDisplayView?langId=44&amp;storeId=10151',
            ajaxExpiredUrl: 'DeliverySlotExpiredDisplayView?langId=44&amp;storeId=10151&amp;currentPageUrl=http%3a%2f%2fwww.sainsburys.co.uk%2fwebapp%2fwcs%2fstores%2fservlet%2fCategoryDisplay%3fmsg%3d%26langId%3d44%26storeId%3d10151%26krypto%3dDCnawB4kF1P62vJKWOLl4bTQS8HvnyF3y8AtfXIJZn5ESwdXVzWXj9P3bxxViiVRGtM3Cs4oohJ1OwMiSdYs%252FHY2GfWoCOubKwB9oMlZWYtt2S95pi6owxfpfNkcRIBMQ8A0nci97P2SGzTzV6Fv7DT6ViLruLFXAHjC8cEa8C0%253D%26ddkey%3dhttp%253Agb%252Fgroceries%252Fdrinks%252Ffruit-flavoured&amp;AJAXCall=true'
        }
    var _amendOrderSlotInfo = {                          
            expiryDateTime: '',
            currentDateTime: 'March 20,2017 08:20:58',
            ajaxAmendOrderExpiryUrl: 'AjaxOrderAmendSlotExpiryView?langId=44&amp;storeId=10151&amp;currentPageUrl=http%3a%2f%2fwww.sainsburys.co.uk%2fwebapp%2fwcs%2fstores%2fservlet%2fCategoryDisplay%3fmsg%3d%26langId%3d44%26storeId%3d10151%26krypto%3dDCnawB4kF1P62vJKWOLl4bTQS8HvnyF3y8AtfXIJZn5ESwdXVzWXj9P3bxxViiVRGtM3Cs4oohJ1OwMiSdYs%252FHY2GfWoCOubKwB9oMlZWYtt2S95pi6owxfpfNkcRIBMQ8A0nci97P2SGzTzV6Fv7DT6ViLruLFXAHjC8cEa8C0%253D%26ddkey%3dhttp%253Agb%252Fgroceries%252Fdrinks%252Ffruit-flavoured'
        }    
    var _commonPageInfo = {
        currentUrl: 'http://www.sainsburys.co.uk/webapp/wcs/stores/servlet/CategoryDisplay?msg=&amp;langId=44&amp;storeId=10151&amp;krypto=DCnawB4kF1P62vJKWOLl4bTQS8HvnyF3y8AtfXIJZn5ESwdXVzWXj9P3bxxViiVRGtM3Cs4oohJ1OwMiSdYs%2FHY2GfWoCOubKwB9oMlZWYtt2S95pi6owxfpfNkcRIBMQ8A0nci97P2SGzTzV6Fv7DT6ViLruLFXAHjC8cEa8C0%3D&amp;ddkey=http%3Agb%2Fgroceries%2Fdrinks%2Ffruit-flavoured',
        storeId: '10151',
        langId: '44'
    }
</script><script type="text/javascript">
	    var _rhsCheckPostCodeRuleset = {                          
	          postCode: {
	                isEmpty: {
	                      param: true,
	                      text: 'Sorry, we couldn&#39;t recognise that postcode. Please try again.',
	                      msgPlacement: "#checkPostCodePanel #Rhs_checkPostCode .field",
	                      elemToAddErrorClassTo: "#checkPostCodePanel #Rhs_checkPostCode .field"
	                },
	                minLength: {
	                      param: 5,
	                      text: 'Sorry, this entry must be at least 5 characters long.',
	                      msgPlacement: "#checkPostCodePanel #Rhs_checkPostCode .field",
	                      elemToAddErrorClassTo: "#checkPostCodePanel #Rhs_checkPostCode .field"
	                },
	                isPostcode: {
	                      param: true,
	                      text: 'Sorry, we couldn&#39;t recognise that postcode. Please try again.',
	                      msgPlacement: "#checkPostCodePanel #Rhs_checkPostCode .field",
	                      elemToAddErrorClassTo: "#checkPostCodePanel #Rhs_checkPostCode .field"
	                }
	          }
	    }
	    </script><script type="text/javascript">
      var typeAheadTrigger = 2;
</script><script type="text/javascript" data-dojo-config="isDebug: false, useCommentedJson: true,locale: 'en-gb', parseOnLoad: true, dojoBlankHtmlUrl:'/wcsstore/SainsburysStorefrontAssetStore/js/dojo.1.7.1/blank.html'" src="http://c1.sainsburys.co.uk/wcsstore7.20.1.145/SainsburysStorefrontAssetStore/js/dojo.1.7.1/dojo/dojo.js"></script><script type="text/javascript">"undefined"==typeof digitalData&&(digitalData={event:[]}),digitalData.event.push=function(){for(var t=0,e=arguments.length;e>t;t++)this[this.length]=arguments[t];var n="s_"+arguments[0].eventInfo.eventName;if(void 0!=n){var a=null;try{a=new Event(n,{bubbles:!0,cancelable:!1})}catch(i){a=document.createEvent("Event"),a.initEvent(n,!0,!1)}document.addEventListener?document.addEventListener(n,function(t){},!1):document.attachEvent(n,function(t){}),document.dispatchEvent(a)}return this.length};</script><script type="text/javascript" src="http://c1.sainsburys.co.uk/wcsstore7.20.1.145/SainsburysStorefrontAssetStore/js/sainsburys.js"></script><script type="text/javascript">require(["dojo/parser", "dijit/layout/AccordionContainer", "dijit/layout/ContentPane", "dojox/widget/AutoRotator", "dojox/widget/rotator/Fade"]);</script><script type="text/javascript" src="http://c1.sainsburys.co.uk/wcsstore7.20.1.145/SainsburysStorefrontAssetStore/wcassets/groceries/scripts/page/faq.js"></script><script type="text/javascript">if (self === top) {var antiCJ = document.getElementById("antiCJ");antiCJ.parentNode.removeChild(antiCJ);} else {top.location = self.location;}</script><!-- Maxymiser script start --><script type="text/javascript" src="//service.maxymiser.net/cdn/sainsburyscoUK/js/mmcore.js">
</script><!-- Maxymiser script end --><!-- END CommonJSToInclude.jspf -->
</head>
<body id="shelfPage" class="shelfPage floatingHeader">
<div class="hidden overlayBox" id="overlayBox" role="dialog"></div>
<div class="hidden pageOverlay" id="pageOverlay"></div>
<div id="autoCompleteList" class="autoCompleteList jsAccess" style="top: 82px; left: 790px;"></div>
<div class="hidden overlayBox" id="overlayBox" role="dialog"></div>
<div class="hidden pageOverlay" id="pageOverlay"></div>
<div id="page" style="padding-top: 169px;">
    <!-- BEGIN StoreCommonUtilities.jspf --><!-- END StoreCommonUtilities.jspf --><!-- Header Nav Start --><!-- BEGIN LayoutContainerTop.jspf --><!-- BEGIN HeaderDisplay.jspf --><!-- BEGIN CachedHeaderDisplay.jsp -->

<ul id="skipLinks">
<li><a href="#content">Skip to main content</a></li>
    <li><a href="#groceriesNav">Skip to groceries navigation menu</a></li>
    
</ul>
<div id="globalHeaderContainer">
    <div class="header globalHeader" id="globalHeader">
        <div class="globalNav">
	<ul>
<li>
			<a href="http://www.sainsburys.co.uk">
			    <span class="moreSainsburysIcon"></span>
                Explore more at Sainsburys.co.uk 
			</a>
		</li>
		<li>
			<a href="http://help.sainsburys.co.uk" rel="external">
			    <span class="helpCenterIcon"></span>
                Help Centre 
			<span class="access"> (opens in a new window/tab)</span></a>
		</li>
		<li>
			<a href="http://stores.sainsburys.co.uk" rel="external">
			    <span class="storeLocatorIcon"></span>
                Store Locator 
			<span class="access"> (opens in a new window/tab)</span></a>
		</li>
		<li class="loginRegister">
			 
				    
					<a href="https://www.sainsburys.co.uk/shop/LogonView?catalogId=10241&amp;logonCallerId=LogonButton&amp;langId=44&amp;storeId=10151&amp;URL=https%3A%2F%2Fwww.sainsburys.co.uk%2Fshop%2FMyAccount%3FlangId%3D44%26storeId%3D10151">
						<span class="userIcon"></span>
                        Log in / Register 
					</a>
				
		</li>
	</ul>
</div>

	    <div class="globalHeaderLogoSearch">
	        <!-- BEGIN LogoSearchNavBar.jspf -->

<a href="http://www.sainsburys.co.uk/shop/gb/groceries" class="mainLogo"><img src="/wcsstore/SainsburysStorefrontAssetStore/img/logo.png" alt="Sainsbury's"></a>
<div class="searchBox" role="search">
    

    <form name="sol_search" method="get" action="SearchDisplay" id="globalSearchForm">

        <input type="hidden" name="viewTaskName" value="CategoryDisplayView"><input type="hidden" name="recipesSearch" value="true"><input type="hidden" name="orderBy" value="RELEVANCE"><input type="hidden" name="favouritesSelection" value="0"><input type="hidden" name="langId" value="44"><input type="hidden" name="pageSize" value="100"><input type="hidden" name="storeId" value="10151"><label for="search" class="access">Search for products</label>
        <input type="search" name="searchTerm" id="search" maxlength="150" value="" autocomplete="off" placeholder="Search products"><button type="button" id="clearSearch" class="clearSearch hidden">Clear the search field</button>
        <input type="submit" name="searchSubmit" id="searchSubmit" value="Search">
</form>

    <a class="findProduct" href="http://www.sainsburys.co.uk/shop/ShoppingListDisplay?catalogId=10241&amp;action=ShoppingListDisplay&amp;urlLangId=&amp;langId=44&amp;storeId=10151">Search for multiple products</a>
    <!-- ul class="searchNav">
        <li class="shoppingListLink"><a href="http://www.sainsburys.co.uk/shop/ShoppingListDisplay?catalogId=10241&action=ShoppingListDisplay&urlLangId=&langId=44&storeId=10151">Find a list of products</a></li>
        <li><a href="http://stores.sainsburys.co.uk">Store Locator</a></li>
        <li><a href="https://www.sainsburys.co.uk/shop/MyAccount?langId=44&amp;storeId=10151">My Account</a></li>
        
                 <li><a href="https://www.sainsburys.co.uk/shop/QuickRegistrationFormView?catalogId=10241&amp;langId=44&amp;storeId=10151" >Register</a></li>
        
    </ul-->

</div>
<!-- END LogoSearchNavBar.jspf -->
        </div>
        <div id="groceriesNav" class="groceriesNav">
            <ul class="mainNav">
<li>
                    
                            <a class="active" href="http://www.sainsburys.co.uk/shop/gb/groceries"><strong>Groceries</strong></a>
                        
                </li>
                <li>
                    
	                           <a href="http://www.sainsburys.co.uk/shop/gb/groceries/favourites">Favourites</a>
	                        
                </li>
                <li>
                    
                          <a href="http://www.sainsburys.co.uk/shop/gb/groceries/great-offers">Great Prices</a>
                        
                </li>
                <li>
                    
                           <a href="http://www.sainsburys.co.uk/shop/gb/groceries/discover">Discover</a>
                        
                </li>
                
                <li>
                    
                           <a href="http://recipes.sainsburys.co.uk">Recipes</a>
                        
                </li>
                
            </ul>
<hr>
<p class="access">Groceries Categories</p>
                    
                    <div class="subNav">
                        <ul>
<li>
                                    
                                            <a href="http://www.sainsburys.co.uk/shop/gb/groceries/easter">Easter</a>
                                         
                                   </li>
                              
                                <li>
                                    
                                            <a href="http://www.sainsburys.co.uk/shop/gb/groceries/fruit-veg">Fruit &amp; veg</a>
                                         
                                   </li>
                              
                                <li>
                                    
                                            <a href="http://www.sainsburys.co.uk/shop/gb/groceries/meat-fish">Meat &amp; fish</a>
                                         
                                   </li>
                              
                                <li>
                                    
                                            <a href="http://www.sainsburys.co.uk/shop/gb/groceries/dairy">Dairy</a>
                                         
                                   </li>
                              
                                <li>
                                    
                                            <a href="http://www.sainsburys.co.uk/shop/gb/groceries/chilled-">Chilled</a>
                                         
                                   </li>
                              
                                <li>
                                    
                                            <a href="http://www.sainsburys.co.uk/shop/gb/groceries/bakery">Bakery</a>
                                         
                                   </li>
                              
                                <li>
                                    
                                            <a href="http://www.sainsburys.co.uk/shop/gb/groceries/frozen-">Frozen</a>
                                         
                                   </li>
                              
                                <li>
                                    
                                            <a href="http://www.sainsburys.co.uk/shop/gb/groceries/food-cupboard">Food cupboard</a>
                                         
                                   </li>
                              
                                <li>
                                    
                                            <a class="active" href="http://www.sainsburys.co.uk/shop/gb/groceries/drinks"><strong>Drinks</strong></a>
                                             
                                   </li>
                              
                                <li>
                                    
                                            <a href="http://www.sainsburys.co.uk/shop/gb/groceries/health-beauty">Health &amp; beauty</a>
                                         
                                   </li>
                              
                                <li>
                                    
                                            <a href="http://www.sainsburys.co.uk/shop/gb/groceries/baby">Baby</a>
                                         
                                   </li>
                              
                                <li>
                                    
                                            <a href="http://www.sainsburys.co.uk/shop/gb/groceries/household">Household</a>
                                         
                                   </li>
                              
                                <li>
                                    
                                            <a href="http://www.sainsburys.co.uk/shop/gb/groceries/pet">Pet</a>
                                         
                                   </li>
                              
                                <li>
                                    
                                            <a href="http://www.sainsburys.co.uk/shop/gb/groceries/home">Home</a>
                                         
                                   </li>
                              
                        </ul>
</div>
                
        </div>    
    </div>
</div>
<!-- Generated on: Mon Mar 20 08:20:58 GMT 2017  -->
<!-- END CachedHeaderDisplay.jsp --><!-- END HeaderDisplay.jspf --><!-- END LayoutContainerTop.jspf --><!-- Header Nav End --><!-- Main Area Start -->
    <div id="main">
        <!-- Content Start -->
        <div class="article" id="content">
            <!--  START BreadCrumbTrailDisplay.jsp -->
                  <div class="nav breadcrumb" id="breadcrumbNav">
                    <p class="access">You are here:</p>  
                    <ul id="breadcrumbNavList">
<li class="first">
<span class="corner"></span><a href="http://www.sainsburys.co.uk/shop/gb/groceries/drinks"><span>Drinks</span></a>
    
        <span class="arrow"></span>
    
    <div>
        <p>Select an option:</p>
        <ul>
<li><a href="http://www.sainsburys.co.uk/shop/gb/groceries/drinks/wine-champagne">Wine &amp; Champagne</a></li>
            
                <li><a href="http://www.sainsburys.co.uk/shop/gb/groceries/drinks/lager-beer-cider">Lager, beer &amp; cider</a></li>
            
                <li><a href="http://www.sainsburys.co.uk/shop/gb/groceries/drinks/spirits-liqueurs">Spirits</a></li>
            
                <li><a href="http://www.sainsburys.co.uk/shop/gb/groceries/drinks/alcohol-gifts">Alcohol gifts</a></li>
            
                <li><a href="http://www.sainsburys.co.uk/shop/gb/groceries/drinks/mixers-adult-soft-drinks">Mixers &amp; adult soft drinks</a></li>
            
                <li><a href="http://www.sainsburys.co.uk/shop/gb/groceries/drinks/tea-coffee-hot-drinks">Tea, coffee &amp; hot drinks</a></li>
            
                <li><a href="http://www.sainsburys.co.uk/shop/gb/groceries/drinks/milk-milk-drinks">Milk &amp; milk drinks</a></li>
            
                <li><a href="http://www.sainsburys.co.uk/shop/gb/groceries/drinks/water">Water</a></li>
            
                <li><a href="http://www.sainsburys.co.uk/shop/gb/groceries/drinks/squash-cordials">Squash &amp; cordials</a></li>
            
                <li><a href="http://www.sainsburys.co.uk/shop/gb/groceries/drinks/fizzy-drinks">Fizzy drinks</a></li>
            
                <li><a href="http://www.sainsburys.co.uk/shop/gb/groceries/drinks/drinks-chilled-fruit-juice-smoothies">Chilled fruit juice &amp; smoothies</a></li>
            
                <li><a href="http://www.sainsburys.co.uk/shop/gb/groceries/drinks/longer-life-juice">Longer life juice &amp; juice drinks</a></li>
            
                <li><a href="http://www.sainsburys.co.uk/shop/gb/groceries/drinks/kids-lunchbox">Kids &amp; lunchbox</a></li>
            
                <li><a href="http://www.sainsburys.co.uk/shop/gb/groceries/drinks/sports-energy-wellbeing">Sports, energy &amp; wellbeing</a></li>
            
        </ul>
</div>
</li>

            <li class="second">
<a href="http://www.sainsburys.co.uk/shop/gb/groceries/drinks/fizzy-drinks"><span>Fizzy drinks</span></a> <span class="arrow"></span>
                <div>
                <p>Select an option:</p>
                    <ul>
<li><a href="http://www.sainsburys.co.uk/shop/gb/groceries/drinks/cola">Cola</a></li>
                        
                            <li><a href="http://www.sainsburys.co.uk/shop/gb/groceries/drinks/lemonade">Lemonade</a></li>
                        
                            <li><a href="http://www.sainsburys.co.uk/shop/gb/groceries/drinks/fruit-flavoured">Fruit flavoured</a></li>
                        
                            <li><a href="http://www.sainsburys.co.uk/shop/gb/groceries/drinks/traditional">Traditional</a></li>
                        
                            <li><a href="http://www.sainsburys.co.uk/shop/gb/groceries/drinks/energy-drinks">Energy drinks</a></li>
                        
                            <li><a href="http://www.sainsburys.co.uk/shop/gb/groceries/drinks/diet-sugar-free-fizzy-drinks">Diet &amp; sugar free</a></li>
                        
                            <li><a href="http://www.sainsburys.co.uk/shop/gb/groceries/drinks/fizzy-drinks-bigger-multipacks">Bigger multipacks</a></li>
                        
                            <li><a href="http://www.sainsburys.co.uk/shop/gb/groceries/drinks/sodastream">Sodastream</a></li>
                        
                            <li><a href="http://www.sainsburys.co.uk/shop/gb/groceries/drinks/fizzy-drinks-special-offers">Special offers</a></li>
                        
                    </ul>
</div>
            </li>
        
    <li class="third">
<a href="http://www.sainsburys.co.uk/shop/gb/groceries/drinks/fruit-flavoured"><span>Fruit flavoured</span></a>
        
    </li>
    
                    </ul>
</div>
                <!--  END BreadCrumbTrailDisplay.jsp --><!-- BEGIN MessageDisplay.jspf --><!-- END MessageDisplay.jspf --><!-- BEGIN ShelfDisplay.jsp -->

<div class="section">
    
    <h1 id="resultsHeading" class="resultsHeading">
        Fruit flavouredÂ (132 products available)
    </h1> 

    <!-- DEBUG: shelfTopLeftESpotName = Z:DRINKS/D:FIZZY_DRINKS/A:FRUIT_FLAVOURED/Shelf_Top_Left --><!-- DEBUG: shelfTopRightESpotName = Z:DRINKS/D:FIZZY_DRINKS/A:FRUIT_FLAVOURED/Shelf_Top_Right -->
    <div class="eSpotContainer">
    
    <div id="sitecatalyst_ESPOT_NAME_Z:DRINKS/D:FIZZY_DRINKS/A:FRUIT_FLAVOURED/Shelf_Top_Left" class="siteCatalystTag">Z:DRINKS/D:FIZZY_DRINKS/A:FRUIT_FLAVOURED/Shelf_Top_Left</div>

    <div id="sitecatalyst_ESPOT_NAME_Z:DRINKS/D:FIZZY_DRINKS/A:FRUIT_FLAVOURED/Shelf_Top_Right" class="siteCatalystTag">Z:DRINKS/D:FIZZY_DRINKS/A:FRUIT_FLAVOURED/Shelf_Top_Right</div>

</div>
</div>

        <div class="section" id="filterContainer">
<div class="areaOverlay" id="filterOverlay"></div>
            <!-- FILTER SECTION STARTS HERE--><!-- BEGIN BrowseFacetsDisplay.jspf--><!-- Start Filter -->
	    <h2 class="access">Product filter options</h2>
        <div class="filterSlither">
            <div class="filterCollapseBar">
                <div class="noFlexComponent">
	                <a href="#filterOptions" id="showHideFilterSlither" aria-controls="filterOptions" aria-expanded="true" class="visible">
		                Filter your list
	                <span class="access">Close filter options</span></a>
	                <span class="quantitySelected" id="quantitySelected" role="status" aria-live="assertive" aria-relevant="text">
	                    
	                </span>
	                <a href="http://www.sainsburys.co.uk/shop/CategoryDisplay?pageSize=100&amp;catalogId=10241&amp;orderBy=FAVOURITES_ONLY%7CTOP_SELLERS&amp;facet=&amp;top_category=12192&amp;parent_category_rn=12192&amp;beginIndex=0&amp;categoryId=12392&amp;langId=44&amp;storeId=10151" class="repressive">
	                    Clear filters
	                </a>
	            </div>
            </div>
            
            

			<form class="shelfFilterOptions " id="filterOptions" name="search_facets_form" action="" method="get">
	            <input type="hidden" value="44" name="langId"><input type="hidden" value="10151" name="storeId"><input type="hidden" value="10241" name="catalogId"><input type="hidden" value="12392" name="categoryId"><input type="hidden" value="12192" name="parent_category_rn"><input type="hidden" value="12192" name="top_category"><input type="hidden" value="100" name="pageSize"><input type="hidden" value="FAVOURITES_ONLY|TOP_SELLERS" name="orderBy"><input type="hidden" value="" name="searchTerm"><input type="hidden" value="0" name="beginIndex"><div class="wrapper" id="filterOptionsContainer">
                    
		            

<div class="field options">
    <div class="indicator">
        <p>Options:</p>
    </div>
    <div class="checkboxes">
        
        
            
            <div class="input">
            
            
		                  <input id="globalOptions0" name="facet" type="checkbox" disabled value="" aria-disabled="true"><label class="favouritesLabel" for="globalOptions0">Favourites</label>
                    
	        </div>
	        
	        
            
            <div class="input">
            
            
		                  <input id="globalOptions1" name="facet" type="checkbox" value="86"><label for="globalOptions1">New</label>
		            
	        </div>
	        
	        
            
            <div class="input">
            
            
		                  <input id="globalOptions2" name="facet" type="checkbox" value="88"><label class="offersLabel" for="globalOptions2">Offers</label>
                    
	        </div>
	        
	        
        
    </div>
    
</div>
<!-- BEGIN BrandFacetDisplay.jspf -->

<div class="field topBrands">
    <div class="indicator">
        <p>Top Brands:</p>
    </div>
    <div class="checkboxes">
        
        
            <div class="input">
	           
                       <input id="topBrands0" name="facet" type="checkbox" value="887"><label for="topBrands0">Sainsbury's</label>
	       </div>
	       
            <div class="input">
	           
                       <input id="topBrands1" name="facet" type="checkbox" value="4294965562"><label for="topBrands1">Lucozade</label>
	       </div>
	       
            <div class="input">
	           
                       <input id="topBrands2" name="facet" type="checkbox" value="4294965461"><label for="topBrands2">Fanta</label>
	       </div>
	       
            <div class="input">
	           
                       <input id="topBrands3" name="facet" type="checkbox" value="4294965279"><label for="topBrands3">Tango</label>
	       </div>
	       
            <div class="input">
	           
                       <input id="topBrands4" name="facet" type="checkbox" value="4294965460"><label for="topBrands4">Dr Pepper</label>
	       </div>
	       
	            <div class="extraTopBrandCheckboxes jsHide" id="extraTopBrandCheckboxes">
		            
					    <div class="input">
							
	                                <input id="extraCheckbox0" name="facet" type="checkbox" value="4294965484"><label for="extraCheckbox0">IRN-BRU</label>
			           </div>
				       
					    <div class="input">
							
	                                <input id="extraCheckbox1" name="facet" type="checkbox" value="4294965383"><label for="extraCheckbox1">Old Jamaica</label>
			           </div>
				       
					    <div class="input">
							
	                                <input id="extraCheckbox2" name="facet" type="checkbox" value="4294965382"><label for="extraCheckbox2">San Pellegrino</label>
			           </div>
				       
					    <div class="input">
							
	                                <input id="extraCheckbox3" name="facet" type="checkbox" value="4294964836"><label for="extraCheckbox3">Vimto</label>
			           </div>
				       
					    <div class="input">
							
	                                <input id="extraCheckbox4" name="facet" type="checkbox" value="4294965459"><label for="extraCheckbox4">7UP</label>
			           </div>
				       
					    <div class="input">
							
	                                <input id="extraCheckbox5" name="facet" type="checkbox" value="4294964847"><label for="extraCheckbox5">Lilt</label>
			           </div>
				       
					    <div class="input">
							
	                                <input id="extraCheckbox6" name="facet" type="checkbox" value="4294964889"><label for="extraCheckbox6">Schweppes</label>
			           </div>
				       
					    <div class="input">
							
	                                <input id="extraCheckbox7" name="facet" type="checkbox" value="4294965479"><label for="extraCheckbox7">Sprite</label>
			           </div>
				       
					    <div class="input">
							
	                                <input id="extraCheckbox8" name="facet" type="checkbox" value="4294964652"><label for="extraCheckbox8">Orangina</label>
			           </div>
				       
					    <div class="input">
							
	                                <input id="extraCheckbox9" name="facet" type="checkbox" value="4294958102"><label for="extraCheckbox9">Suso</label>
			           </div>
				       
					    <div class="input">
							
	                                <input id="extraCheckbox10" name="facet" type="checkbox" value="4294964514"><label for="extraCheckbox10">Innocent</label>
			           </div>
				       
					    <div class="input">
							
	                                <input id="extraCheckbox11" name="facet" type="checkbox" value="4294957359"><label for="extraCheckbox11">Newton's</label>
			           </div>
				       
					    <div class="input">
							
	                                <input id="extraCheckbox12" name="facet" type="checkbox" value="4294964780"><label for="extraCheckbox12">R Whites</label>
			           </div>
				       
					    <div class="input">
							
	                                <input id="extraCheckbox13" name="facet" type="checkbox" value="4294958231"><label for="extraCheckbox13">Rubicon</label>
			           </div>
				       
					    <div class="input">
							
	                                <input id="extraCheckbox14" name="facet" type="checkbox" value="4294965318"><label for="extraCheckbox14">Shloer</label>
			           </div>
				       
			    </div>
<a class="filterBoxShowHide filterBoxShowHide_closed" href="#"><span class="more">See more <span>(15)</span></span><span class="less">See less</span></a>
		    
	    
    </div>
</div>

<!-- END BrandFacetDisplay.jspf --><!-- BEGIN TypeFacetDisplay.jspf -->

<div class="field type">
	
	        <div class="indicator">
               <p>Type:</p>
            </div>
	        <div class="checkboxes">
		        
		        
            
                <div class="checkBoxWrapper">
                
		            
		                    
		                    <div class="input">
		                        
		                                <input id="type0" name="facet" type="checkbox" value="4294965560"><label for="type0">Regular</label>
		                    </div>
		                    
		                    
		                    
		                    <div class="input">
		                        
		                                <input id="type1" name="facet" type="checkbox" value="10039518"><label for="type1">Diet &amp; sugar free</label>
		                    </div>
		                    
		                    
		                    
		                    <div class="input">
		                        
		                                <input id="type2" name="facet" type="checkbox" value="4294965561"><label for="type2">Bottle</label>
		                    </div>
		                    
		                    
		                        </div>
		                        <div class="checkBoxWrapper">
		                    
		                    
		                    <div class="input">
		                        
		                                <input id="type3" name="facet" type="checkbox" value="4294965508"><label for="type3">Can</label>
		                    </div>
		                    
		                    
		        
		        </div>
		        
		    </div>
	        
	    
    
</div>

<!-- END TypeFacetDisplay.jspf -->                    
                </div> 
                
                <!-- BEGIN DietaryFacetDisplay.jspf -->

<div class="filterCollapseBarDietAndLifestyle">
    <a href="#dietAndLifestyle" id="showHideDietAndLifestyle" aria-expanded="false">Dietary &amp; lifestyle options<span class="access">Open filter options</span></a>
    <span class="misc">
        (such as vegetarian, organic and British)
    </span>
</div>

<div class="field dietAndLifestyle jsHide" id="dietAndLifestyle">
    <div class="checkboxes">
        
        
            <div class="input">
                
                        <input id="dietAndLifestyle0" name="facet" type="checkbox" value="4294966755"><label for="dietAndLifestyle0">
                   Keep Refrigerated
                </label>
            </div> 
            
            <div class="input">
                
                        <input id="dietAndLifestyle1" name="facet" type="checkbox" value="4294966733"><label for="dietAndLifestyle1">
                   No Added Sugar
                </label>
            </div> 
            
            <div class="input">
                
                        <input id="dietAndLifestyle2" name="facet" type="checkbox" value="4294966753"><label for="dietAndLifestyle2">
                   Suitable for Vegans
                </label>
            </div> 
            
            <div class="input">
                
                        <input id="dietAndLifestyle3" name="facet" type="checkbox" value="4294966763"><label for="dietAndLifestyle3">
                   Suitable for Vegetarians
                </label>
            </div> 
            

    </div>
</div>

<!-- END DietaryFacetDisplay.jspf -->
            
                <div class="filterActions">
                    <input class="button primary" type="submit" id="applyfilter" name="applyfilter" value="Apply filter">
</div>
            </form>
        </div>
        
	<!-- END BrowseFacetsDisplay.jspf--><!-- FILTER SECTION ENDS HERE-->
        </div>
        <div class="section" id="productsContainer">
            <div id="productsOverlay" class="areaOverlay"></div>
            <div id="productLister">
	            
        <h2 class="access">Product pagination</h2>
        <div class="pagination">
    

    <ul class="viewOptions">
<li class="gridSelected">
                    <span class="access">Grid view</span>
                </li>
                <li class="list">
                    <a href="http://www.sainsburys.co.uk/shop/CategoryDisplay?listView=true&amp;orderBy=FAVOURITES_ONLY%7CTOP_SELLERS&amp;parent_category_rn=12192&amp;top_category=12192&amp;langId=44&amp;beginIndex=0&amp;pageSize=20&amp;catalogId=10241&amp;searchTerm=&amp;categoryId=12392&amp;listId=&amp;storeId=10151&amp;promotionId=">
                        <span class="access">List view</span>
                    </a>
                </li>
            
    </ul>
<form name="search_orderBy_form" action="CategoryDisplay" method="get">
        <input type="hidden" value="44" name="langId"><input type="hidden" value="10151" name="storeId"><input type="hidden" value="10241" name="catalogId"><input type="hidden" value="12392" name="categoryId"><input type="hidden" value="100" name="pageSize"><input type="hidden" value="0" name="beginIndex"><input type="hidden" value="" name="promotionId"><input type="hidden" value="" name="listId"><input type="hidden" value="" name="searchTerm"><input type="hidden" name="hasPreviousOrder" value=""><input type="hidden" name="previousOrderId" value=""><input type="hidden" name="categoryFacetId1" value=""><input type="hidden" name="categoryFacetId2" value=""><input type="hidden" name="bundleId" value=""><div class="field">
            <div class="indicator">
                <label for="orderBy">Sort by:</label>
            </div>

            
                    <input type="hidden" value="12192" name="parent_category_rn"><input type="hidden" value="12192" name="top_category"><div class="input">
                <div class="selectWrapper">
	                <select id="orderBy" name="orderBy"><option value="FAVOURITES_FIRST">Favourites First</option>
<option value="PRICE_ASC">Price - Low to High</option>
<option value="PRICE_DESC">Price - High to Low</option>
<option value="NAME_ASC">Product Name - A - Z</option>
<option value="NAME_DESC">Product Name - Z - A</option>
<option value="TOP_SELLERS">Top Sellers</option>
<option value="RATINGS_DESC">Ratings - High to Low</option>
<option value="NEW">New</option></select><span></span>
	             </div>
            </div>
        </div>
        <div class="actions">
            <input type="submit" class="button" id="Sort" name="Sort" value="Sort">
</div>
    </form>


    <form name="search_pageSize_form" action="CategoryDisplay" method="get">
        <input type="hidden" value="44" name="langId"><input type="hidden" value="10151" name="storeId"><input type="hidden" value="10241" name="catalogId"><input type="hidden" value="12392" name="categoryId"><input type="hidden" value="FAVOURITES_ONLY|TOP_SELLERS" name="orderBy"><input type="hidden" value="0" name="beginIndex"><input type="hidden" value="" name="promotionId"><input type="hidden" value="" name="listId"><input type="hidden" value="" name="searchTerm"><input type="hidden" name="hasPreviousOrder" value=""><input type="hidden" name="previousOrderId" value=""><input type="hidden" name="categoryFacetId1" value=""><input type="hidden" name="categoryFacetId2" value=""><input type="hidden" name="ImportedProductsCount" value=""><input type="hidden" name="ImportedStoreName" value=""><input type="hidden" name="ImportedSupermarket" value=""><input type="hidden" name="bundleId" value=""><input type="hidden" value="12192" name="parent_category_rn"><input type="hidden" value="12192" name="top_category"><div class="field">
          <div class="indicator">
            <label for="pageSize">Per page</label>
          </div>
          <div class="input">
            <div class="selectWrapper">
	            <select id="pageSize" name="pageSize"><option value="30">30</option>
<option value="45">45</option>
<option value="60">60</option>
<option value="75">75</option>
<option value="90">90</option></select><span></span>
	         </div>
          </div>
          </div>
          <div class="actions">
              <input type="submit" class="button" id="Go" name="Go" value="Go">
</div>
    </form>

    
    <ul class="pages">
<li class="previous">
		        
		        <span class="access">Go to previous page</span>
		        
            </li>

        <li class="current">
<span class="access">Current page </span><span>1</span>
</li>
        
            <li><a href="http://www.sainsburys.co.uk/shop/CategoryDisplay?pageSize=100&amp;searchTerm=&amp;catalogId=10241&amp;orderBy=FAVOURITES_ONLY%7CTOP_SELLERS&amp;top_category=12192&amp;parent_category_rn=12192&amp;listId=&amp;categoryId=12392&amp;langId=44&amp;beginIndex=100&amp;storeId=10151&amp;promotionId="><span class="access">Page </span><span>2</span></a></li>
        
            <li class="next">
        
            <a href="http://www.sainsburys.co.uk/shop/CategoryDisplay?pageSize=100&amp;searchTerm=&amp;catalogId=10241&amp;orderBy=FAVOURITES_ONLY%7CTOP_SELLERS&amp;top_category=12192&amp;parent_category_rn=12192&amp;listId=&amp;categoryId=12392&amp;langId=44&amp;beginIndex=100&amp;storeId=10151&amp;promotionId=">
        
        <span class="access">Go to next page</span>
        
            </a>
        
            </li>
    </ul>
</div>
    
                <h2 class="access">Products</h2>
	            <ul class="productLister gridView">
<li class="gridItem" style="min-height: 576px;">
	                                <!-- BEGIN CatalogEntryThumbnailDisplay.jsp --><!-- BEGIN MerchandisingAssociationsDisplay.jsp --><!-- Start - JSP File Name:  MerchandisingAssociationsDisplay.jsp -->
    <div class="coverage notranged"></div>
<!-- END MerchandisingAssociationsDisplay.jsp -->
            <div class="product ">
                
                <div class="productInfo">
                    <div class="productNameAndPromotions">
                        
                                  <h3>
                                    <a href="http://www.sainsburys.co.uk/shop/gb/groceries/fruit-flavoured/sainsburys-lemon---lime-flavoured-sparkling-water-1l">
                                        Sainsbury's Sparkling Flavoured Water, Lemon &amp; Lime 1L
                                        <img src="http://c2.sainsburys.co.uk/wcsstore7.20.1.145/ExtendedSitesCatalogAssetStore/images/catalog/productImages/40/0000001320640/0000001320640_L.jpeg" alt=""></a>
                                </h3>
                              
                    </div> 
                </div>
                
                <div class="errorBanner hidden" id="error80081"></div>
                <div class="addToTrolleytabBox">   
                    <!--addToTrolleytabBox GRID VIEW --><!-- Start UserSubscribedOrNot.jspf --><!-- Start UserSubscribedOrNot.jsp --><!-- 
			If the user is not logged in, render this opening 
			DIV adding an addtional class to fix the border top which is removed 
			and replaced by the tabs
		-->
		<div class="addToTrolleytabContainer addItemBorderTop">
	<!-- End AddToSubscriptionList.jsp --><!-- End AddSubscriptionList.jspf --><!-- 
                    ATTENTION!!!
                    <div class="addToTrolleytabContainer">
                    This opening div is inside "../../ReusableObjects/UserSubscribedOrNot.jsp"
                    -->
                    <div class="pricingAndTrolleyOptions">
                    	
                                    <div class="priceTab priceTabContainer activeContainer addItem" id="addItem_80081">
                                       <div class="pricing">
                                           
	<p class="pricePerUnit">
    Â£0.45<abbr title="per">/</abbr><abbr title="unit"><span class="pricePerUnitUnit">unit</span></abbr>
</p>
 
    <p class="pricePerMeasure">Â£0.05<abbr title="per">/</abbr>100<abbr title="millilitre"><span class="pricePerMeasureMeasure">ml</span></abbr>
    </p>

                                       </div>                                      

                                     
                                        <div class="addToTrolleyForm "> 
                                           <!-- BEGIN AddToTrolley.jsp -->

		<form class="addToTrolleyForm" name="OrderItemAddForm_80081" action="OrderItemAdd" method="post" id="OrderItemAddForm_80081">
		    <input type="hidden" name="storeId" value="10151"><input type="hidden" name="langId" value="44"><input type="hidden" name="catalogId" value="10241"><input type="hidden" name="errorViewName" value="CategoryDisplayView"><input type="hidden" name="SKU_ID" value="1320640"><input type="hidden" name="itemType" value=""><label class="access" for="quantity_80080">Quantity</label>
		        
					<input name="quantity" id="quantity_80080" type="text" size="3" value="1" class="quantity"><input type="hidden" name="catEntryId" value="80081"><input type="hidden" name="productId" value="80080"><input type="hidden" name="URL" value="http://www.sainsburys.co.uk/webapp/wcs/stores/servlet/CategoryDisplay?msg=&amp;langId=44&amp;storeId=10151&amp;krypto=DCnawB4kF1P62vJKWOLl4bTQS8HvnyF3y8AtfXIJZn5ESwdXVzWXj9P3bxxViiVRGtM3Cs4oohJ1OwMiSdYs%2FHY2GfWoCOubKwB9oMlZWYtt2S95pi6owxfpfNkcRIBMQ8A0nci97P2SGzTzV6Fv7DT6ViLruLFXAHjC8cEa8C0%3D&amp;ddkey=http%3Agb%2Fgroceries%2Fdrinks%2Ffruit-flavoured"><input type="hidden" name="page" value=""><input type="hidden" name="contractId" value=""><input type="hidden" name="calculateOrder" value="1"><input type="hidden" name="calculationUsage" value="-1,-2,-3"><input type="hidden" name="updateable" value="1"><input type="hidden" name="merge" value="***"><input type="hidden" name="callAjax" value="false"><input class="button process" type="submit" name="Add" value="Add">
</form>
	<!-- END AddToTrolley.jsp -->
        <div class="numberInTrolley hidden numberInTrolley_80080" id="numberInTrolley_80080">
            
        </div>
    
                                        </div>

                                        <!-- BEGIN CatalogEntryRatingsReviewsInfo.jspf --><!-- productAllowedRatingsAndReviews: true -->
    <div class="reviews">
        
            <a class="numberOfReviews" href="http://www.sainsburys.co.uk/shop/gb/groceries/fruit-flavoured/sainsburys-lemon---lime-flavoured-sparkling-water-1l#reviews">
                <img src="http://c2.sainsburys.co.uk/wcsstore7.20.1.145/SainsburysStorefrontAssetStore/img/stars/rating-5_0.gif" alt="5.0" border="0">Â  
                Reviews (4)
            </a>
        
    </div>
<!-- END CatalogEntryRatingsReviewsInfo.jspf -->
                                   </div>
                               <!-- Start AddToSubscriptionList.jspf --><!-- Start AddToSubscriptionList.jsp --><!-- End AddToSubscriptionList.jsp --><!-- End AddToSubscriptionList.jspf -->     
                    </div>
                            
                    
                </div>     
            </div>
            <!--ThumbnailRestriction --><!-- END CatalogEntryThumbnailDisplay.jsp -->
	                            </div>
</li>
	                         

	                            <li class="gridItem" style="min-height: 576px;">
	                                <!-- BEGIN CatalogEntryThumbnailDisplay.jsp --><!-- BEGIN MerchandisingAssociationsDisplay.jsp --><!-- Start - JSP File Name:  MerchandisingAssociationsDisplay.jsp -->
    <div class="coverage ranged"></div>
<!-- END MerchandisingAssociationsDisplay.jsp -->
	            	<div id="hasCrossSell_103065" class="product hasCrossSell "> 
	                
                        <div class="productInfo">
                        	<div class="productNameAndPromotions">
                                
                                        <h3>
                                            <a href="http://www.sainsburys.co.uk/shop/gb/groceries/fruit-flavoured/sainsburys-blackcurrant---cherry-sparkling-flavoured-water-1l">
                                                Sainsbury's Sparkling Flavoured Water, Blackcurrant &amp; Cherry 1L
                                                <img src="http://c2.sainsburys.co.uk/wcsstore7.20.1.145/ExtendedSitesCatalogAssetStore/images/catalog/productImages/43/0000001826043/0000001826043_L.jpeg" alt=""></a>
                                        </h3>
                                        
                            </div>
                                                      
                        </div>
                        
                        
                        
                    
                    <div class="addToTrolleytabBox">
                        <!-- Start UserSubscribedOrNot.jspf --><!-- Start UserSubscribedOrNot.jsp --><!-- 
			If the user is not logged in, render this opening 
			DIV adding an addtional class to fix the border top which is removed 
			and replaced by the tabs
		-->
		<div class="addToTrolleytabContainer addItemBorderTop">
	<!-- End AddToSubscriptionList.jsp --><!-- End AddSubscriptionList.jspf --><!-- 
                        ATTENTION!!!
                        <div class="addToTrolleytabContainer">
                        This opening div is inside "../../ReusableObjects/UserSubscribedOrNot.jsp"
                        -->
                        
		                <!--  <div class="pricingAndTrolleyFormWrapper"> -->
	                <div class="pricingAndTrolleyOptions">   
	                    <div class="priceTab activeContainer priceTabContainer" id="addItem_103065"> 
	                        <div class="pricing">
	                            
	<p class="pricePerUnit">
    Â£0.45<abbr title="per">/</abbr><abbr title="unit"><span class="pricePerUnitUnit">unit</span></abbr>
</p>
 
    <p class="pricePerMeasure">Â£0.05<abbr title="per">/</abbr>100<abbr title="millilitre"><span class="pricePerMeasureMeasure">ml</span></abbr>
    </p>

	                        </div>                        
	                        
	                                    <div class="addToTrolleyForm ">                                    	
	                                        
	                                        <!-- BEGIN AddToTrolley.jsp -->

		<form class="addToTrolleyForm" name="OrderItemAddForm_103065" action="OrderItemAdd" method="post" id="OrderItemAddForm_103065">
		    <input type="hidden" name="storeId" value="10151"><input type="hidden" name="langId" value="44"><input type="hidden" name="catalogId" value="10241"><input type="hidden" name="errorViewName" value="CategoryDisplayView"><input type="hidden" name="SKU_ID" value="7544205"><input type="hidden" name="itemType" value=""><label class="access" for="quantity_103064">Quantity</label>
		        
					<input name="quantity" id="quantity_103064" type="text" size="3" value="1" class="quantity"><input type="hidden" name="catEntryId" value="103065"><input type="hidden" name="productId" value="103064"><input type="hidden" name="URL" value="http://www.sainsburys.co.uk/webapp/wcs/stores/servlet/CategoryDisplay?msg=&amp;langId=44&amp;storeId=10151&amp;krypto=DCnawB4kF1P62vJKWOLl4bTQS8HvnyF3y8AtfXIJZn5ESwdXVzWXj9P3bxxViiVRGtM3Cs4oohJ1OwMiSdYs%2FHY2GfWoCOubKwB9oMlZWYtt2S95pi6owxfpfNkcRIBMQ8A0nci97P2SGzTzV6Fv7DT6ViLruLFXAHjC8cEa8C0%3D&amp;ddkey=http%3Agb%2Fgroceries%2Fdrinks%2Ffruit-flavoured"><input type="hidden" name="page" value=""><input type="hidden" name="contractId" value=""><input type="hidden" name="calculateOrder" value="1"><input type="hidden" name="calculationUsage" value="-1,-2,-3"><input type="hidden" name="updateable" value="1"><input type="hidden" name="merge" value="***"><input type="hidden" name="callAjax" value="false"><input class="button process" type="submit" name="Add" value="Add">
</form>
	<!-- END AddToTrolley.jsp -->
        <div class="numberInTrolley hidden numberInTrolley_103064" id="numberInTrolley_103064">
            
        </div>
    
	                                    </div>
		                                
                        </div>
                        <!-- Start AddToSubscriptionList.jspf --><!-- Start AddToSubscriptionList.jsp --><!-- End AddToSubscriptionList.jsp --><!-- End AddToSubscriptionList.jspf -->
                    </div>
		                        
                        <!-- </div> -->
                </div>     
        	</div>

            <!--ThumbnailRestriction -->
                        
            <div class="errorBanner hidden" id="error103065"></div>                                 
               <div id="additionalItems_103065" class="additionalItems">
			        <!-- BEGIN MerchandisingAssociationsDisplay.jsp --><!-- Start - JSP File Name:  MerchandisingAssociationsDisplay.jsp --><!-- BEGIN CatalogEntryThumbnailMerchandisingAssociation.jspf -->                    
                    <div id="sitecatalyst_SELL_TYPE_1061244" class="siteCatalystTag">X-SELL</div>
                    <div class="crossSell">
                        <div class="crossSellTitle">
                            <!-- BEGIN ContentDisplay.jsp -->
	                <img src="/wcsstore7.20.1.145/SainsburysStorefrontAssetStore/wcassets/merchandising_associations/dont_forget_grid_202x32.gif" alt="wcassets/merchandising_associations/dont_forget_grid_202x32.gif" border="0"><!-- end: ContentDisplay.jsp -->
</div>
                        <div class="errorBanner hidden" id="error812341061245"></div>
                        <div class="crossSellContent">
	                        <div class="pricingAndTrolleyFormWrapper"> 
		                         <div class="pricingReviews">
		                            <div class="pricing">
		                                
	<p class="pricePerUnit">
    Â£2.00<abbr title="per">/</abbr><abbr title="unit"><span class="pricePerUnitUnit">unit</span></abbr>
</p>
 
    <p class="pricePerMeasure">Â£2.00<abbr title="per">/</abbr><abbr title="each"><span class="pricePerMeasureMeasure">ea</span></abbr>
    </p>

		                            </div>
		                        </div>
		                        <div class="addToTrolleyForm ">
		                           
		                            <!-- BEGIN AddToTrolley.jsp -->

		<form class="addToTrolleyForm" name="OrderItemAddForm_1061245_81234" action="OrderItemAdd" method="post" id="OrderItemAddForm_81234_1061245">
		    <input type="hidden" name="storeId" value="10151"><input type="hidden" name="langId" value="44"><input type="hidden" name="catalogId" value="10241"><input type="hidden" name="errorViewName" value="CategoryDisplayView"><input type="hidden" name="SKU_ID" value="130723047"><input type="hidden" name="itemType" value="X-SELL"><label class="access" for="quantity_1061244">Quantity</label>
		        
					<input name="quantity" id="quantity_1061244" type="text" size="3" value="1" class="quantity"><input type="hidden" name="catEntryId" value="1061245"><input type="hidden" name="productId" value="1061244"><input type="hidden" name="URL" value="http://www.sainsburys.co.uk/webapp/wcs/stores/servlet/CategoryDisplay?msg=&amp;langId=44&amp;storeId=10151&amp;krypto=DCnawB4kF1P62vJKWOLl4bTQS8HvnyF3y8AtfXIJZn5ESwdXVzWXj9P3bxxViiVRGtM3Cs4oohJ1OwMiSdYs%2FHY2GfWoCOubKwB9oMlZWYtt2S95pi6owxfpfNkcRIBMQ8A0nci97P2SGzTzV6Fv7DT6ViLruLFXAHjC8cEa8C0%3D&amp;ddkey=http%3Agb%2Fgroceries%2Fdrinks%2Ffruit-flavoured"><input type="hidden" name="page" value=""><input type="hidden" name="contractId" value=""><input type="hidden" name="calculateOrder" value="1"><input type="hidden" name="calculationUsage" value="-1,-2,-3"><input type="hidden" name="updateable" value="1"><input type="hidden" name="merge" value="***"><input type="hidden" name="callAjax" value="false"><input class="button process" type="submit" name="Add" value="Add">
</form>
	<!-- END AddToTrolley.jsp -->
        <div class="numberInTrolley hidden numberInTrolley_1061244" id="numberInTrolley_1061244">
            
        </div>
    
		                        </div>
		                    </div>                
	                        <div class="crossSellInfo">
	                            <h4 class="crossSellName">
                                    <span class="access">Try this product with </span>
	                                <a href="http://www.sainsburys.co.uk/shop/gb/groceries/red-nose-day-2017-sipper-bottle-450ml-130723021-p">
	                                    Red Nose Day 2017 Sipper Bottle 450ml
	                                    <img src="/wcsstore7.20.1.145/SainsburysStorefrontAssetStore/wcassets/product_images/GM/media_130723021_S.jpg" alt=""></a>
	                            </h4>
	                            
	                        </div>
	                    </div>
	                    <!--ThumbnailRestriction -->
                    </div>                
            
                <!-- END CatalogEntryThumbnailMerchandisingAssociation.jspf --><!-- END MerchandisingAssociationsDisplay.jsp --> 
	    		</div>
	    <!-- END CatalogEntryThumbnailDisplay.jsp -->
	                            </div>
</li>
	                         

	                            <li class="gridItem" style="min-height: 576px;">
	                                <!-- BEGIN CatalogEntryThumbnailDisplay.jsp --><!-- BEGIN MerchandisingAssociationsDisplay.jsp --><!-- Start - JSP File Name:  MerchandisingAssociationsDisplay.jsp --><!-- END MerchandisingAssociationsDisplay.jsp -->
            <div class="product ">
                
                <div class="productInfo">
                    <div class="productNameAndPromotions">
                        
                                  <h3>
                                    <a href="http://www.sainsburys.co.uk/shop/gb/groceries/fruit-flavoured/sainsburys-diet-lemonade--basics-2l">
                                        Sainsbury's Diet Lemonade, Basics 2L
                                        <img src="http://c2.sainsburys.co.uk/wcsstore7.20.1.145/ExtendedSitesCatalogAssetStore/images/catalog/productImages/60/0000001039160/0000001039160_L.jpeg" alt=""></a>
                                </h3>
                              
                    </div> 
                </div>
                
                <div class="errorBanner hidden" id="error79571"></div>
                <div class="addToTrolleytabBox">   
                    <!--addToTrolleytabBox GRID VIEW --><!-- Start UserSubscribedOrNot.jspf --><!-- Start UserSubscribedOrNot.jsp --><!-- 
			If the user is not logged in, render this opening 
			DIV adding an addtional class to fix the border top which is removed 
			and replaced by the tabs
		-->
		<div class="addToTrolleytabContainer addItemBorderTop">
	<!-- End AddToSubscriptionList.jsp --><!-- End AddSubscriptionList.jspf --><!-- 
                    ATTENTION!!!
                    <div class="addToTrolleytabContainer">
                    This opening div is inside "../../ReusableObjects/UserSubscribedOrNot.jsp"
                    -->
                    <div class="pricingAndTrolleyOptions">
                    	
                                    <div class="priceTab priceTabContainer activeContainer addItem" id="addItem_79571">
                                       <div class="pricing">
                                           
	<p class="pricePerUnit">
    Â£0.30<abbr title="per">/</abbr><abbr title="unit"><span class="pricePerUnitUnit">unit</span></abbr>
</p>
 
    <p class="pricePerMeasure">Â£0.02<abbr title="per">/</abbr>100<abbr title="millilitre"><span class="pricePerMeasureMeasure">ml</span></abbr>
    </p>

                                       </div>                                      

                                     
                                        <div class="addToTrolleyForm "> 
                                           <!-- BEGIN AddToTrolley.jsp -->

		<form class="addToTrolleyForm" name="OrderItemAddForm_79571" action="OrderItemAdd" method="post" id="OrderItemAddForm_79571">
		    <input type="hidden" name="storeId" value="10151"><input type="hidden" name="langId" value="44"><input type="hidden" name="catalogId" value="10241"><input type="hidden" name="errorViewName" value="CategoryDisplayView"><input type="hidden" name="SKU_ID" value="1039160"><input type="hidden" name="itemType" value=""><label class="access" for="quantity_79570">Quantity</label>
		        
					<input name="quantity" id="quantity_79570" type="text" size="3" value="1" class="quantity"><input type="hidden" name="catEntryId" value="79571"><input type="hidden" name="productId" value="79570"><input type="hidden" name="URL" value="http://www.sainsburys.co.uk/webapp/wcs/stores/servlet/CategoryDisplay?msg=&amp;langId=44&amp;storeId=10151&amp;krypto=DCnawB4kF1P62vJKWOLl4bTQS8HvnyF3y8AtfXIJZn5ESwdXVzWXj9P3bxxViiVRGtM3Cs4oohJ1OwMiSdYs%2FHY2GfWoCOubKwB9oMlZWYtt2S95pi6owxfpfNkcRIBMQ8A0nci97P2SGzTzV6Fv7DT6ViLruLFXAHjC8cEa8C0%3D&amp;ddkey=http%3Agb%2Fgroceries%2Fdrinks%2Ffruit-flavoured"><input type="hidden" name="page" value=""><input type="hidden" name="contractId" value=""><input type="hidden" name="calculateOrder" value="1"><input type="hidden" name="calculationUsage" value="-1,-2,-3"><input type="hidden" name="updateable" value="1"><input type="hidden" name="merge" value="***"><input type="hidden" name="callAjax" value="false"><input class="button process" type="submit" name="Add" value="Add">
</form>
	<!-- END AddToTrolley.jsp -->
        <div class="numberInTrolley hidden numberInTrolley_79570" id="numberInTrolley_79570">
            
        </div>
    
                                        </div>

                                        <!-- BEGIN CatalogEntryRatingsReviewsInfo.jspf --><!-- productAllowedRatingsAndReviews: true -->
    <div class="reviews">
        
            <a class="numberOfReviews" href="http://www.sainsburys.co.uk/shop/gb/groceries/fruit-flavoured/sainsburys-diet-lemonade--basics-2l#reviews">
                <img src="http://c2.sainsburys.co.uk/wcsstore7.20.1.145/SainsburysStorefrontAssetStore/img/stars/rating-4_6.gif" alt="4.5833" border="0">Â  
                Reviews (12)
            </a>
        
    </div>
<!-- END CatalogEntryRatingsReviewsInfo.jspf -->
                                   </div>
                               <!-- Start AddToSubscriptionList.jspf --><!-- Start AddToSubscriptionList.jsp --><!-- End AddToSubscriptionList.jsp --><!-- End AddToSubscriptionList.jspf -->     
                    </div>
                            
                    
    
    <div class="badges">
        <ul>
<li>

                        
                        
                        <img src="/wcsstore7.20.1.145/SainsburysStorefrontAssetStore/wcassets/icons/ico_spacer.gif" alt="Vegan">
</li>
                
                    
                    
                    
                     <li class="lastchild">

                        
                        
                        <img src="/wcsstore7.20.1.145/SainsburysStorefrontAssetStore/wcassets/icons/ico_spacer.gif" alt="Vegetarian">
</li>
                
        </ul>
</div>

                </div>     
            </div>
            <!--ThumbnailRestriction --><!-- END CatalogEntryThumbnailDisplay.jsp -->
	                            </div>
</li>
	                         

	                            <li class="gridItem" style="min-height: 477px;">
	                                <!-- BEGIN CatalogEntryThumbnailDisplay.jsp --><!-- BEGIN MerchandisingAssociationsDisplay.jsp --><!-- Start - JSP File Name:  MerchandisingAssociationsDisplay.jsp --><!-- END MerchandisingAssociationsDisplay.jsp -->
            <div class="product ">
                
                <div class="productInfo">
                    <div class="productNameAndPromotions">
                        
                                  <h3>
                                    <a href="http://www.sainsburys.co.uk/shop/gb/groceries/fruit-flavoured/sainsburys-mango---passionfruit-sparkling-flavoured-water-1l">
                                        Sainsbury's Sparkling Flavoured Water, Mango &amp; Passionfruit 1L
                                        <img src="http://c2.sainsburys.co.uk/wcsstore7.20.1.145/ExtendedSitesCatalogAssetStore/images/catalog/productImages/74/0000001826074/0000001826074_L.jpeg" alt=""></a>
                                </h3>
                              
                    </div> 
                </div>
                
                <div class="errorBanner hidden" id="error103079"></div>
                <div class="addToTrolleytabBox">   
                    <!--addToTrolleytabBox GRID VIEW --><!-- Start UserSubscribedOrNot.jspf --><!-- Start UserSubscribedOrNot.jsp --><!-- 
			If the user is not logged in, render this opening 
			DIV adding an addtional class to fix the border top which is removed 
			and replaced by the tabs
		-->
		<div class="addToTrolleytabContainer addItemBorderTop">
	<!-- End AddToSubscriptionList.jsp --><!-- End AddSubscriptionList.jspf --><!-- 
                    ATTENTION!!!
                    <div class="addToTrolleytabContainer">
                    This opening div is inside "../../ReusableObjects/UserSubscribedOrNot.jsp"
                    -->
                    <div class="pricingAndTrolleyOptions">
                    	
                                    <div class="priceTab priceTabContainer activeContainer addItem" id="addItem_103079">
                                       <div class="pricing">
                                           
	<p class="pricePerUnit">
    Â£0.45<abbr title="per">/</abbr><abbr title="unit"><span class="pricePerUnitUnit">unit</span></abbr>
</p>
 
    <p class="pricePerMeasure">Â£0.05<abbr title="per">/</abbr>100<abbr title="millilitre"><span class="pricePerMeasureMeasure">ml</span></abbr>
    </p>

                                       </div>                                      

                                     
                                        <div class="addToTrolleyForm "> 
                                           <!-- BEGIN AddToTrolley.jsp -->

		<form class="addToTrolleyForm" name="OrderItemAddForm_103079" action="OrderItemAdd" method="post" id="OrderItemAddForm_103079">
		    <input type="hidden" name="storeId" value="10151"><input type="hidden" name="langId" value="44"><input type="hidden" name="catalogId" value="10241"><input type="hidden" name="errorViewName" value="CategoryDisplayView"><input type="hidden" name="SKU_ID" value="7544249"><input type="hidden" name="itemType" value=""><label class="access" for="quantity_103078">Quantity</label>
		        
					<input name="quantity" id="quantity_103078" type="text" size="3" value="1" class="quantity"><input type="hidden" name="catEntryId" value="103079"><input type="hidden" name="productId" value="103078"><input type="hidden" name="URL" value="http://www.sainsburys.co.uk/webapp/wcs/stores/servlet/CategoryDisplay?msg=&amp;langId=44&amp;storeId=10151&amp;krypto=DCnawB4kF1P62vJKWOLl4bTQS8HvnyF3y8AtfXIJZn5ESwdXVzWXj9P3bxxViiVRGtM3Cs4oohJ1OwMiSdYs%2FHY2GfWoCOubKwB9oMlZWYtt2S95pi6owxfpfNkcRIBMQ8A0nci97P2SGzTzV6Fv7DT6ViLruLFXAHjC8cEa8C0%3D&amp;ddkey=http%3Agb%2Fgroceries%2Fdrinks%2Ffruit-flavoured"><input type="hidden" name="page" value=""><input type="hidden" name="contractId" value=""><input type="hidden" name="calculateOrder" value="1"><input type="hidden" name="calculationUsage" value="-1,-2,-3"><input type="hidden" name="updateable" value="1"><input type="hidden" name="merge" value="***"><input type="hidden" name="callAjax" value="false"><input class="button process" type="submit" name="Add" value="Add">
</form>
	<!-- END AddToTrolley.jsp -->
        <div class="numberInTrolley hidden numberInTrolley_103078" id="numberInTrolley_103078">
            
        </div>
    
                                        </div>

                                        <!-- BEGIN CatalogEntryRatingsReviewsInfo.jspf --><!-- productAllowedRatingsAndReviews: true -->
    <div class="reviews">
        
            <a class="numberOfReviews" href="http://www.sainsburys.co.uk/shop/gb/groceries/fruit-flavoured/sainsburys-mango---passionfruit-sparkling-flavoured-water-1l#reviews">
                <img src="http://c2.sainsburys.co.uk/wcsstore7.20.1.145/SainsburysStorefrontAssetStore/img/stars/rating-4_8.gif" alt="4.75" border="0">Â  
                Reviews (4)
            </a>
        
    </div>
<!-- END CatalogEntryRatingsReviewsInfo.jspf -->
                                   </div>
                               <!-- Start AddToSubscriptionList.jspf --><!-- Start AddToSubscriptionList.jsp --><!-- End AddToSubscriptionList.jsp --><!-- End AddToSubscriptionList.jspf -->     
                    </div>
                            
                    
                </div>     
            </div>
            <!--ThumbnailRestriction --><!-- END CatalogEntryThumbnailDisplay.jsp -->
	                            </div>
</li>
	                         

	                            <li class="gridItem" style="min-height: 477px;">
	                                <!-- BEGIN CatalogEntryThumbnailDisplay.jsp --><!-- BEGIN MerchandisingAssociationsDisplay.jsp --><!-- Start - JSP File Name:  MerchandisingAssociationsDisplay.jsp --><!-- END MerchandisingAssociationsDisplay.jsp -->
            <div class="product ">
                
                <div class="productInfo">
                    <div class="productNameAndPromotions">
                        
                                  <h3>
                                    <a href="http://www.sainsburys.co.uk/shop/gb/groceries/fruit-flavoured/sainsburys-strawberry---kiwi-sparkling-water-1l">
                                        Sainsbury's Sparkling Flavoured Water, Strawberry &amp; Kiwi 1L
                                        <img src="http://c2.sainsburys.co.uk/wcsstore7.20.1.145/ExtendedSitesCatalogAssetStore/images/catalog/productImages/85/0000001368185/0000001368185_L.jpeg" alt=""></a>
                                </h3>
                              
                    </div> 
                </div>
                
                <div class="errorBanner hidden" id="error89639"></div>
                <div class="addToTrolleytabBox">   
                    <!--addToTrolleytabBox GRID VIEW --><!-- Start UserSubscribedOrNot.jspf --><!-- Start UserSubscribedOrNot.jsp --><!-- 
			If the user is not logged in, render this opening 
			DIV adding an addtional class to fix the border top which is removed 
			and replaced by the tabs
		-->
		<div class="addToTrolleytabContainer addItemBorderTop">
	<!-- End AddToSubscriptionList.jsp --><!-- End AddSubscriptionList.jspf --><!-- 
                    ATTENTION!!!
                    <div class="addToTrolleytabContainer">
                    This opening div is inside "../../ReusableObjects/UserSubscribedOrNot.jsp"
                    -->
                    <div class="pricingAndTrolleyOptions">
                    	
                                    <div class="priceTab priceTabContainer activeContainer addItem" id="addItem_89639">
                                       <div class="pricing">
                                           
	<p class="pricePerUnit">
    Â£0.45<abbr title="per">/</abbr><abbr title="unit"><span class="pricePerUnitUnit">unit</span></abbr>
</p>
 
    <p class="pricePerMeasure">Â£0.05<abbr title="per">/</abbr>100<abbr title="millilitre"><span class="pricePerMeasureMeasure">ml</span></abbr>
    </p>

                                       </div>                                      

                                     
                                        <div class="addToTrolleyForm "> 
                                           <!-- BEGIN AddToTrolley.jsp -->

		<form class="addToTrolleyForm" name="OrderItemAddForm_89639" action="OrderItemAdd" method="post" id="OrderItemAddForm_89639">
		    <input type="hidden" name="storeId" value="10151"><input type="hidden" name="langId" value="44"><input type="hidden" name="catalogId" value="10241"><input type="hidden" name="errorViewName" value="CategoryDisplayView"><input type="hidden" name="SKU_ID" value="6407656"><input type="hidden" name="itemType" value=""><label class="access" for="quantity_89638">Quantity</label>
		        
					<input name="quantity" id="quantity_89638" type="text" size="3" value="1" class="quantity"><input type="hidden" name="catEntryId" value="89639"><input type="hidden" name="productId" value="89638"><input type="hidden" name="URL" value="http://www.sainsburys.co.uk/webapp/wcs/stores/servlet/CategoryDisplay?msg=&amp;langId=44&amp;storeId=10151&amp;krypto=DCnawB4kF1P62vJKWOLl4bTQS8HvnyF3y8AtfXIJZn5ESwdXVzWXj9P3bxxViiVRGtM3Cs4oohJ1OwMiSdYs%2FHY2GfWoCOubKwB9oMlZWYtt2S95pi6owxfpfNkcRIBMQ8A0nci97P2SGzTzV6Fv7DT6ViLruLFXAHjC8cEa8C0%3D&amp;ddkey=http%3Agb%2Fgroceries%2Fdrinks%2Ffruit-flavoured"><input type="hidden" name="page" value=""><input type="hidden" name="contractId" value=""><input type="hidden" name="calculateOrder" value="1"><input type="hidden" name="calculationUsage" value="-1,-2,-3"><input type="hidden" name="updateable" value="1"><input type="hidden" name="merge" value="***"><input type="hidden" name="callAjax" value="false"><input class="button process" type="submit" name="Add" value="Add">
</form>
	<!-- END AddToTrolley.jsp -->
        <div class="numberInTrolley hidden numberInTrolley_89638" id="numberInTrolley_89638">
            
        </div>
    
                                        </div>

                                        <!-- BEGIN CatalogEntryRatingsReviewsInfo.jspf --><!-- productAllowedRatingsAndReviews: true -->
    <div class="reviews">
        
            <a class="numberOfReviews" href="http://www.sainsburys.co.uk/shop/gb/groceries/fruit-flavoured/sainsburys-strawberry---kiwi-sparkling-water-1l#reviews">
                <img src="http://c2.sainsburys.co.uk/wcsstore7.20.1.145/SainsburysStorefrontAssetStore/img/stars/rating-5_0.gif" alt="5.0" border="0">Â  
                Reviews (2)
            </a>
        
    </div>
<!-- END CatalogEntryRatingsReviewsInfo.jspf -->
                                   </div>
                               <!-- Start AddToSubscriptionList.jspf --><!-- Start AddToSubscriptionList.jsp --><!-- End AddToSubscriptionList.jsp --><!-- End AddToSubscriptionList.jspf -->     
                    </div>
                            
                    
    
    <div class="badges">
        <ul>
<li>

                        
                        
                        <img src="/wcsstore7.20.1.145/SainsburysStorefrontAssetStore/wcassets/icons/ico_spacer.gif" alt="Vegetarian">
</li>
                
                    
                    
                    
                     <li class="lastchild">

                        
                        
                        <img src="/wcsstore7.20.1.145/SainsburysStorefrontAssetStore/wcassets/icons/ico_spacer.gif" alt="Vegan">
</li>
                
        </ul>
</div>

                </div>     
            </div>
            <!--ThumbnailRestriction --><!-- END CatalogEntryThumbnailDisplay.jsp -->
	                            </div>
</li>
	                         

	                            <li class="gridItem" style="min-height: 477px;">
	                                <!-- BEGIN CatalogEntryThumbnailDisplay.jsp --><!-- BEGIN MerchandisingAssociationsDisplay.jsp --><!-- Start - JSP File Name:  MerchandisingAssociationsDisplay.jsp --><!-- END MerchandisingAssociationsDisplay.jsp -->
            <div class="product ">
                
                <div class="productInfo">
                    <div class="productNameAndPromotions">
                        
                                  <h3>
                                    <a href="http://www.sainsburys.co.uk/shop/gb/groceries/fruit-flavoured/sainsburys-orange---mandarin-sparkling-flavoured-water-1l">
                                        Sainsbury's Sparkling Flavoured Water, Orange &amp; Mandarin 1L
                                        <img src="http://c2.sainsburys.co.uk/wcsstore7.20.1.145/ExtendedSitesCatalogAssetStore/images/catalog/productImages/50/0000001826050/0000001826050_L.jpeg" alt=""></a>
                                </h3>
                              
                    </div> 
                </div>
                
                <div class="errorBanner hidden" id="error103075"></div>
                <div class="addToTrolleytabBox">   
                    <!--addToTrolleytabBox GRID VIEW --><!-- Start UserSubscribedOrNot.jspf --><!-- Start UserSubscribedOrNot.jsp --><!-- 
			If the user is not logged in, render this opening 
			DIV adding an addtional class to fix the border top which is removed 
			and replaced by the tabs
		-->
		<div class="addToTrolleytabContainer addItemBorderTop">
	<!-- End AddToSubscriptionList.jsp --><!-- End AddSubscriptionList.jspf --><!-- 
                    ATTENTION!!!
                    <div class="addToTrolleytabContainer">
                    This opening div is inside "../../ReusableObjects/UserSubscribedOrNot.jsp"
                    -->
                    <div class="pricingAndTrolleyOptions">
                    	
                                    <div class="priceTab priceTabContainer activeContainer addItem" id="addItem_103075">
                                       <div class="pricing">
                                           
	<p class="pricePerUnit">
    Â£0.45<abbr title="per">/</abbr><abbr title="unit"><span class="pricePerUnitUnit">unit</span></abbr>
</p>
 
    <p class="pricePerMeasure">Â£0.05<abbr title="per">/</abbr>100<abbr title="millilitre"><span class="pricePerMeasureMeasure">ml</span></abbr>
    </p>

                                       </div>                                      

                                     
                                        <div class="addToTrolleyForm "> 
                                           <!-- BEGIN AddToTrolley.jsp -->

		<form class="addToTrolleyForm" name="OrderItemAddForm_103075" action="OrderItemAdd" method="post" id="OrderItemAddForm_103075">
		    <input type="hidden" name="storeId" value="10151"><input type="hidden" name="langId" value="44"><input type="hidden" name="catalogId" value="10241"><input type="hidden" name="errorViewName" value="CategoryDisplayView"><input type="hidden" name="SKU_ID" value="7544238"><input type="hidden" name="itemType" value=""><label class="access" for="quantity_103074">Quantity</label>
		        
					<input name="quantity" id="quantity_103074" type="text" size="3" value="1" class="quantity"><input type="hidden" name="catEntryId" value="103075"><input type="hidden" name="productId" value="103074"><input type="hidden" name="URL" value="http://www.sainsburys.co.uk/webapp/wcs/stores/servlet/CategoryDisplay?msg=&amp;langId=44&amp;storeId=10151&amp;krypto=DCnawB4kF1P62vJKWOLl4bTQS8HvnyF3y8AtfXIJZn5ESwdXVzWXj9P3bxxViiVRGtM3Cs4oohJ1OwMiSdYs%2FHY2GfWoCOubKwB9oMlZWYtt2S95pi6owxfpfNkcRIBMQ8A0nci97P2SGzTzV6Fv7DT6ViLruLFXAHjC8cEa8C0%3D&amp;ddkey=http%3Agb%2Fgroceries%2Fdrinks%2Ffruit-flavoured"><input type="hidden" name="page" value=""><input type="hidden" name="contractId" value=""><input type="hidden" name="calculateOrder" value="1"><input type="hidden" name="calculationUsage" value="-1,-2,-3"><input type="hidden" name="updateable" value="1"><input type="hidden" name="merge" value="***"><input type="hidden" name="callAjax" value="false"><input class="button process" type="submit" name="Add" value="Add">
</form>
	<!-- END AddToTrolley.jsp -->
        <div class="numberInTrolley hidden numberInTrolley_103074" id="numberInTrolley_103074">
            
        </div>
    
                                        </div>

                                        <!-- BEGIN CatalogEntryRatingsReviewsInfo.jspf --><!-- productAllowedRatingsAndReviews: true -->
    <div class="reviews">
        
            <a class="numberOfReviews" href="http://www.sainsburys.co.uk/shop/gb/groceries/fruit-flavoured/sainsburys-orange---mandarin-sparkling-flavoured-water-1l#reviews">
                <img src="http://c2.sainsburys.co.uk/wcsstore7.20.1.145/SainsburysStorefrontAssetStore/img/stars/rating-4_0.gif" alt="4.0" border="0">Â  
                Reviews (4)
            </a>
        
    </div>
<!-- END CatalogEntryRatingsReviewsInfo.jspf -->
                                   </div>
                               <!-- Start AddToSubscriptionList.jspf --><!-- Start AddToSubscriptionList.jsp --><!-- End AddToSubscriptionList.jsp --><!-- End AddToSubscriptionList.jspf -->     
                    </div>
                            
                    
                </div>     
            </div>
            <!--ThumbnailRestriction --><!-- END CatalogEntryThumbnailDisplay.jsp -->
	                            </div>
</li>
	                         

	                            <li class="gridItem" style="min-height: 518px;">
	                                <!-- BEGIN CatalogEntryThumbnailDisplay.jsp --><!-- BEGIN MerchandisingAssociationsDisplay.jsp --><!-- Start - JSP File Name:  MerchandisingAssociationsDisplay.jsp --><!-- END MerchandisingAssociationsDisplay.jsp -->
            <div class="product  highlighted specialOffer straplineRow">
                
                <div class="productInfo">
                    <div class="productNameAndPromotions">
                        
                                  <h3>
                                    <a href="http://www.sainsburys.co.uk/shop/gb/groceries/fruit-flavoured/schweppes-lemonade--diet-2l">
                                        Schweppes Lemonade, Diet 2L
                                        <img src="http://c2.sainsburys.co.uk/wcsstore7.20.1.145/ExtendedSitesCatalogAssetStore/images/catalog/productImages/74/5000193730574/5000193730574_L.jpeg" alt=""></a>
                                </h3>
                              
    <div class="promotion">
                   
		            <p><a href="http://www.sainsburys.co.uk/shop/PromotionDisplayView?catalogId=10241&amp;langId=44&amp;productId=84020&amp;storeId=10151&amp;promotionId=10232849"><!-- BEGIN include/PromotionStrapline.jspf -->Only Â£1.00: Save 50p<br><!-- FINISH include/PromotionStrapline.jspf --></a></p>
		                        
    </div>

                    </div> 
                </div>
                
        <div class="strapline"><a href="http://www.sainsburys.co.uk/shop/PromotionDisplayView?catalogId=10241&amp;langId=44&amp;productId=84020&amp;storeId=10151&amp;promotionId=10232849"><img src="/wcsstore7.20.1.145/SainsburysStorefrontAssetStore/wcassets/icons/special/img-special-offer.png" alt="Special Offer"></a></div>
    
                <div class="errorBanner hidden" id="error84021"></div>
                <div class="addToTrolleytabBox">   
                    <!--addToTrolleytabBox GRID VIEW --><!-- Start UserSubscribedOrNot.jspf --><!-- Start UserSubscribedOrNot.jsp --><!-- 
			If the user is not logged in, render this opening 
			DIV adding an addtional class to fix the border top which is removed 
			and replaced by the tabs
		-->
		<div class="addToTrolleytabContainer addItemBorderTop">
	<!-- End AddToSubscriptionList.jsp --><!-- End AddSubscriptionList.jspf --><!-- 
                    ATTENTION!!!
                    <div class="addToTrolleytabContainer">
                    This opening div is inside "../../ReusableObjects/UserSubscribedOrNot.jsp"
                    -->
                    <div class="pricingAndTrolleyOptions">
                    	
                                    <div class="priceTab priceTabContainer activeContainer addItem" id="addItem_84021">
                                       <div class="pricing">
                                           
	<p class="pricePerUnit">
    Â£1.00<abbr title="per">/</abbr><abbr title="unit"><span class="pricePerUnitUnit">unit</span></abbr>
</p>
 
    <p class="pricePerMeasure">Â£0.05<abbr title="per">/</abbr>100<abbr title="millilitre"><span class="pricePerMeasureMeasure">ml</span></abbr>
    </p>

                                       </div>                                      

                                     
                                        <div class="addToTrolleyForm "> 
                                           <!-- BEGIN AddToTrolley.jsp -->

		<form class="addToTrolleyForm" name="OrderItemAddForm_84021" action="OrderItemAdd" method="post" id="OrderItemAddForm_84021">
		    <input type="hidden" name="storeId" value="10151"><input type="hidden" name="langId" value="44"><input type="hidden" name="catalogId" value="10241"><input type="hidden" name="errorViewName" value="CategoryDisplayView"><input type="hidden" name="SKU_ID" value="3756973"><input type="hidden" name="itemType" value=""><label class="access" for="quantity_84020">Quantity</label>
		        
					<input name="quantity" id="quantity_84020" type="text" size="3" value="1" class="quantity"><input type="hidden" name="catEntryId" value="84021"><input type="hidden" name="productId" value="84020"><input type="hidden" name="URL" value="http://www.sainsburys.co.uk/webapp/wcs/stores/servlet/CategoryDisplay?msg=&amp;langId=44&amp;storeId=10151&amp;krypto=DCnawB4kF1P62vJKWOLl4bTQS8HvnyF3y8AtfXIJZn5ESwdXVzWXj9P3bxxViiVRGtM3Cs4oohJ1OwMiSdYs%2FHY2GfWoCOubKwB9oMlZWYtt2S95pi6owxfpfNkcRIBMQ8A0nci97P2SGzTzV6Fv7DT6ViLruLFXAHjC8cEa8C0%3D&amp;ddkey=http%3Agb%2Fgroceries%2Fdrinks%2Ffruit-flavoured"><input type="hidden" name="page" value=""><input type="hidden" name="contractId" value=""><input type="hidden" name="calculateOrder" value="1"><input type="hidden" name="calculationUsage" value="-1,-2,-3"><input type="hidden" name="updateable" value="1"><input type="hidden" name="merge" value="***"><input type="hidden" name="callAjax" value="false"><input class="button process" type="submit" name="Add" value="Add">
</form>
	<!-- END AddToTrolley.jsp -->
        <div class="numberInTrolley hidden numberInTrolley_84020" id="numberInTrolley_84020">
            
        </div>
    
                                        </div>

                                        <!-- BEGIN CatalogEntryRatingsReviewsInfo.jspf --><!-- productAllowedRatingsAndReviews: true -->
    <div class="reviews">
        
	        <a class="numberOfReviews repressive" href="http://reviews.sainsburys.co.uk//8076-en_gb/3756973-P/writereview.htm?submissionurl=http%3A%2F%2Fwww.sainsburys.co.uk%2Fwebapp%2Fwcs%2Fstores%2Fservlet%2FBVReviewSubmitDisplay%3FcatalogId%3D10241%26storeId%3D10151%26recipe%3D%26langId%3D44%26productId%3D3756973-P&amp;return=http%3A%2F%2Fwww.sainsburys.co.uk%2Fshop%2FCategoryDisplay%3FpageSize%3D30%26catalogId%3D10241%26level%3D2%26top_category%3D12192%26parent_category_rn%3D12192%26langId%3D44%26categoryId%3D12392%26beginIndex%3D0%26storeId%3D10151">
	    Write a review
          	</a>
        
    </div>
<!-- END CatalogEntryRatingsReviewsInfo.jspf -->
                                   </div>
                               <!-- Start AddToSubscriptionList.jspf --><!-- Start AddToSubscriptionList.jsp --><!-- End AddToSubscriptionList.jsp --><!-- End AddToSubscriptionList.jspf -->     
                    </div>
                            
                    
                </div>     
            </div>
            <!--ThumbnailRestriction --><!-- END CatalogEntryThumbnailDisplay.jsp -->
	                            </div>
</li>
	                         

	                            <li class="gridItem" style="min-height: 518px;">
	                                <!-- BEGIN CatalogEntryThumbnailDisplay.jsp --><!-- BEGIN MerchandisingAssociationsDisplay.jsp --><!-- Start - JSP File Name:  MerchandisingAssociationsDisplay.jsp --><!-- END MerchandisingAssociationsDisplay.jsp -->
            <div class="product  straplineRow">
                
                <div class="productInfo">
                    <div class="productNameAndPromotions">
                        
                                  <h3>
                                    <a href="http://www.sainsburys.co.uk/shop/gb/groceries/fruit-flavoured/sainsburys-diet-lemonade-2l">
                                        Sainsbury's Diet Lemonade 2L
                                        <img src="http://c2.sainsburys.co.uk/wcsstore7.20.1.145/ExtendedSitesCatalogAssetStore/images/catalog/productImages/74/0000001199574/0000001199574_L.jpeg" alt=""></a>
                                </h3>
                              
                    </div> 
                </div>
                
                <div class="errorBanner hidden" id="error88131"></div>
                <div class="addToTrolleytabBox">   
                    <!--addToTrolleytabBox GRID VIEW --><!-- Start UserSubscribedOrNot.jspf --><!-- Start UserSubscribedOrNot.jsp --><!-- 
			If the user is not logged in, render this opening 
			DIV adding an addtional class to fix the border top which is removed 
			and replaced by the tabs
		-->
		<div class="addToTrolleytabContainer addItemBorderTop">
	<!-- End AddToSubscriptionList.jsp --><!-- End AddSubscriptionList.jspf --><!-- 
                    ATTENTION!!!
                    <div class="addToTrolleytabContainer">
                    This opening div is inside "../../ReusableObjects/UserSubscribedOrNot.jsp"
                    -->
                    <div class="pricingAndTrolleyOptions">
                    	
                                    <div class="priceTab priceTabContainer activeContainer addItem" id="addItem_88131">
                                       <div class="pricing">
                                           
	<p class="pricePerUnit">
    Â£0.65<abbr title="per">/</abbr><abbr title="unit"><span class="pricePerUnitUnit">unit</span></abbr>
</p>
 
    <p class="pricePerMeasure">Â£0.03<abbr title="per">/</abbr>100<abbr title="millilitre"><span class="pricePerMeasureMeasure">ml</span></abbr>
    </p>

                                       </div>                                      

                                     
                                        <div class="addToTrolleyForm "> 
                                           <!-- BEGIN AddToTrolley.jsp -->

		<form class="addToTrolleyForm" name="OrderItemAddForm_88131" action="OrderItemAdd" method="post" id="OrderItemAddForm_88131">
		    <input type="hidden" name="storeId" value="10151"><input type="hidden" name="langId" value="44"><input type="hidden" name="catalogId" value="10241"><input type="hidden" name="errorViewName" value="CategoryDisplayView"><input type="hidden" name="SKU_ID" value="6319108"><input type="hidden" name="itemType" value=""><label class="access" for="quantity_88130">Quantity</label>
		        
					<input name="quantity" id="quantity_88130" type="text" size="3" value="1" class="quantity"><input type="hidden" name="catEntryId" value="88131"><input type="hidden" name="productId" value="88130"><input type="hidden" name="URL" value="http://www.sainsburys.co.uk/webapp/wcs/stores/servlet/CategoryDisplay?msg=&amp;langId=44&amp;storeId=10151&amp;krypto=DCnawB4kF1P62vJKWOLl4bTQS8HvnyF3y8AtfXIJZn5ESwdXVzWXj9P3bxxViiVRGtM3Cs4oohJ1OwMiSdYs%2FHY2GfWoCOubKwB9oMlZWYtt2S95pi6owxfpfNkcRIBMQ8A0nci97P2SGzTzV6Fv7DT6ViLruLFXAHjC8cEa8C0%3D&amp;ddkey=http%3Agb%2Fgroceries%2Fdrinks%2Ffruit-flavoured"><input type="hidden" name="page" value=""><input type="hidden" name="contractId" value=""><input type="hidden" name="calculateOrder" value="1"><input type="hidden" name="calculationUsage" value="-1,-2,-3"><input type="hidden" name="updateable" value="1"><input type="hidden" name="merge" value="***"><input type="hidden" name="callAjax" value="false"><input class="button process" type="submit" name="Add" value="Add">
</form>
	<!-- END AddToTrolley.jsp -->
        <div class="numberInTrolley hidden numberInTrolley_88130" id="numberInTrolley_88130">
            
        </div>
    
                                        </div>

                                        <!-- BEGIN CatalogEntryRatingsReviewsInfo.jspf --><!-- productAllowedRatingsAndReviews: true -->
    <div class="reviews">
        
	        <a class="numberOfReviews repressive" href="http://reviews.sainsburys.co.uk//8076-en_gb/6319108-P/writereview.htm?submissionurl=http%3A%2F%2Fwww.sainsburys.co.uk%2Fwebapp%2Fwcs%2Fstores%2Fservlet%2FBVReviewSubmitDisplay%3FcatalogId%3D10241%26storeId%3D10151%26recipe%3D%26langId%3D44%26productId%3D6319108-P&amp;return=http%3A%2F%2Fwww.sainsburys.co.uk%2Fshop%2FCategoryDisplay%3FpageSize%3D30%26catalogId%3D10241%26level%3D2%26top_category%3D12192%26parent_category_rn%3D12192%26langId%3D44%26categoryId%3D12392%26beginIndex%3D0%26storeId%3D10151">
	    Write a review
          	</a>
        
    </div>
<!-- END CatalogEntryRatingsReviewsInfo.jspf -->
                                   </div>
                               <!-- Start AddToSubscriptionList.jspf --><!-- Start AddToSubscriptionList.jsp --><!-- End AddToSubscriptionList.jsp --><!-- End AddToSubscriptionList.jspf -->     
                    </div>
                            
                    
    
    <div class="badges">
        <ul>
<li>

                        
                        
                        <img src="/wcsstore7.20.1.145/SainsburysStorefrontAssetStore/wcassets/icons/ico_spacer.gif" alt="Vegetarian">
</li>
                
                    
                    
                    
                     <li class="lastchild">

                        
                        
                        <img src="/wcsstore7.20.1.145/SainsburysStorefrontAssetStore/wcassets/icons/ico_spacer.gif" alt="Vegan">
</li>
                
        </ul>
</div>

                </div>     
            </div>
            <!--ThumbnailRestriction --><!-- END CatalogEntryThumbnailDisplay.jsp -->
	                            </div>
</li>
	                         

	                            <li class="gridItem" style="min-height: 518px;">
	                                <!-- BEGIN CatalogEntryThumbnailDisplay.jsp --><!-- BEGIN MerchandisingAssociationsDisplay.jsp --><!-- Start - JSP File Name:  MerchandisingAssociationsDisplay.jsp --><!-- END MerchandisingAssociationsDisplay.jsp -->
            <div class="product  straplineRow">
                
                <div class="productInfo">
                    <div class="productNameAndPromotions">
                        
                                  <h3>
                                    <a href="http://www.sainsburys.co.uk/shop/gb/groceries/fruit-flavoured/r-whites-lemonade-2l">
                                        R Whites Lemonade 2L
                                        <img src="http://c2.sainsburys.co.uk/wcsstore7.20.1.145/ExtendedSitesCatalogAssetStore/images/catalog/productImages/14/5010018002014/5010018002014_L.jpeg" alt=""></a>
                                </h3>
                              
                    </div> 
                </div>
                
                <div class="errorBanner hidden" id="error81205"></div>
                <div class="addToTrolleytabBox">   
                    <!--addToTrolleytabBox GRID VIEW --><!-- Start UserSubscribedOrNot.jspf --><!-- Start UserSubscribedOrNot.jsp --><!-- 
			If the user is not logged in, render this opening 
			DIV adding an addtional class to fix the border top which is removed 
			and replaced by the tabs
		-->
		<div class="addToTrolleytabContainer addItemBorderTop">
	<!-- End AddToSubscriptionList.jsp --><!-- End AddSubscriptionList.jspf --><!-- 
                    ATTENTION!!!
                    <div class="addToTrolleytabContainer">
                    This opening div is inside "../../ReusableObjects/UserSubscribedOrNot.jsp"
                    -->
                    <div class="pricingAndTrolleyOptions">
                    	
                                    <div class="priceTab priceTabContainer activeContainer addItem" id="addItem_81205">
                                       <div class="pricing">
                                           
	<p class="pricePerUnit">
    Â£1.30<abbr title="per">/</abbr><abbr title="unit"><span class="pricePerUnitUnit">unit</span></abbr>
</p>
 
    <p class="pricePerMeasure">Â£0.07<abbr title="per">/</abbr>100<abbr title="millilitre"><span class="pricePerMeasureMeasure">ml</span></abbr>
    </p>

                                       </div>                                      

                                     
                                        <div class="addToTrolleyForm "> 
                                           <!-- BEGIN AddToTrolley.jsp -->

		<form class="addToTrolleyForm" name="OrderItemAddForm_81205" action="OrderItemAdd" method="post" id="OrderItemAddForm_81205">
		    <input type="hidden" name="storeId" value="10151"><input type="hidden" name="langId" value="44"><input type="hidden" name="catalogId" value="10241"><input type="hidden" name="errorViewName" value="CategoryDisplayView"><input type="hidden" name="SKU_ID" value="2400563"><input type="hidden" name="itemType" value=""><label class="access" for="quantity_81204">Quantity</label>
		        
					<input name="quantity" id="quantity_81204" type="text" size="3" value="1" class="quantity"><input type="hidden" name="catEntryId" value="81205"><input type="hidden" name="productId" value="81204"><input type="hidden" name="URL" value="http://www.sainsburys.co.uk/webapp/wcs/stores/servlet/CategoryDisplay?msg=&amp;langId=44&amp;storeId=10151&amp;krypto=DCnawB4kF1P62vJKWOLl4bTQS8HvnyF3y8AtfXIJZn5ESwdXVzWXj9P3bxxViiVRGtM3Cs4oohJ1OwMiSdYs%2FHY2GfWoCOubKwB9oMlZWYtt2S95pi6owxfpfNkcRIBMQ8A0nci97P2SGzTzV6Fv7DT6ViLruLFXAHjC8cEa8C0%3D&amp;ddkey=http%3Agb%2Fgroceries%2Fdrinks%2Ffruit-flavoured"><input type="hidden" name="page" value=""><input type="hidden" name="contractId" value=""><input type="hidden" name="calculateOrder" value="1"><input type="hidden" name="calculationUsage" value="-1,-2,-3"><input type="hidden" name="updateable" value="1"><input type="hidden" name="merge" value="***"><input type="hidden" name="callAjax" value="false"><input class="button process" type="submit" name="Add" value="Add">
</form>
	<!-- END AddToTrolley.jsp -->
        <div class="numberInTrolley hidden numberInTrolley_81204" id="numberInTrolley_81204">
            
        </div>
    
                                        </div>

                                        <!-- BEGIN CatalogEntryRatingsReviewsInfo.jspf --><!-- productAllowedRatingsAndReviews: true -->
    <div class="reviews">
        
            <a class="numberOfReviews" href="http://www.sainsburys.co.uk/shop/gb/groceries/fruit-flavoured/r-whites-lemonade-2l#reviews">
                <img src="http://c2.sainsburys.co.uk/wcsstore7.20.1.145/SainsburysStorefrontAssetStore/img/stars/rating-3_0.gif" alt="3.0" border="0">Â  
                Reviews (2)
            </a>
        
    </div>
<!-- END CatalogEntryRatingsReviewsInfo.jspf -->
                                   </div>
                               <!-- Start AddToSubscriptionList.jspf --><!-- Start AddToSubscriptionList.jsp --><!-- End AddToSubscriptionList.jsp --><!-- End AddToSubscriptionList.jspf -->     
                    </div>
                            
                    
                </div>     
            </div>
            <!--ThumbnailRestriction --><!-- END CatalogEntryThumbnailDisplay.jsp -->
	                            </div>
</li>
	                         

	                            <li class="gridItem" style="min-height: 477px;">
	                                <!-- BEGIN CatalogEntryThumbnailDisplay.jsp --><!-- BEGIN MerchandisingAssociationsDisplay.jsp --><!-- Start - JSP File Name:  MerchandisingAssociationsDisplay.jsp --><!-- END MerchandisingAssociationsDisplay.jsp -->
            <div class="product ">
                
                <div class="productInfo">
                    <div class="productNameAndPromotions">
                        
                                  <h3>
                                    <a href="http://www.sainsburys.co.uk/shop/gb/groceries/fruit-flavoured/sainsburys-lemonade--diet-x4-2l">
                                        Sainsbury's Lemonade, Diet 4x2L
                                        <img src="http://c2.sainsburys.co.uk/wcsstore7.20.1.145/ExtendedSitesCatalogAssetStore/images/catalog/productImages/15/0000001201215/0000001201215_L.jpeg" alt=""></a>
                                </h3>
                              
                    </div> 
                </div>
                
                <div class="errorBanner hidden" id="error79785"></div>
                <div class="addToTrolleytabBox">   
                    <!--addToTrolleytabBox GRID VIEW --><!-- Start UserSubscribedOrNot.jspf --><!-- Start UserSubscribedOrNot.jsp --><!-- 
			If the user is not logged in, render this opening 
			DIV adding an addtional class to fix the border top which is removed 
			and replaced by the tabs
		-->
		<div class="addToTrolleytabContainer addItemBorderTop">
	<!-- End AddToSubscriptionList.jsp --><!-- End AddSubscriptionList.jspf --><!-- 
                    ATTENTION!!!
                    <div class="addToTrolleytabContainer">
                    This opening div is inside "../../ReusableObjects/UserSubscribedOrNot.jsp"
                    -->
                    <div class="pricingAndTrolleyOptions">
                    	
                                    <div class="priceTab priceTabContainer activeContainer addItem" id="addItem_79785">
                                       <div class="pricing">
                                           
	<p class="pricePerUnit">
    Â£2.45<abbr title="per">/</abbr><abbr title="unit"><span class="pricePerUnitUnit">unit</span></abbr>
</p>
 
    <p class="pricePerMeasure">Â£0.03<abbr title="per">/</abbr>100<abbr title="millilitre"><span class="pricePerMeasureMeasure">ml</span></abbr>
    </p>

                                       </div>                                      

                                     
                                        <div class="addToTrolleyForm "> 
                                           <!-- BEGIN AddToTrolley.jsp -->

		<form class="addToTrolleyForm" name="OrderItemAddForm_79785" action="OrderItemAdd" method="post" id="OrderItemAddForm_79785">
		    <input type="hidden" name="storeId" value="10151"><input type="hidden" name="langId" value="44"><input type="hidden" name="catalogId" value="10241"><input type="hidden" name="errorViewName" value="CategoryDisplayView"><input type="hidden" name="SKU_ID" value="1201215"><input type="hidden" name="itemType" value=""><label class="access" for="quantity_79784">Quantity</label>
		        
					<input name="quantity" id="quantity_79784" type="text" size="3" value="1" class="quantity"><input type="hidden" name="catEntryId" value="79785"><input type="hidden" name="productId" value="79784"><input type="hidden" name="URL" value="http://www.sainsburys.co.uk/webapp/wcs/stores/servlet/CategoryDisplay?msg=&amp;langId=44&amp;storeId=10151&amp;krypto=DCnawB4kF1P62vJKWOLl4bTQS8HvnyF3y8AtfXIJZn5ESwdXVzWXj9P3bxxViiVRGtM3Cs4oohJ1OwMiSdYs%2FHY2GfWoCOubKwB9oMlZWYtt2S95pi6owxfpfNkcRIBMQ8A0nci97P2SGzTzV6Fv7DT6ViLruLFXAHjC8cEa8C0%3D&amp;ddkey=http%3Agb%2Fgroceries%2Fdrinks%2Ffruit-flavoured"><input type="hidden" name="page" value=""><input type="hidden" name="contractId" value=""><input type="hidden" name="calculateOrder" value="1"><input type="hidden" name="calculationUsage" value="-1,-2,-3"><input type="hidden" name="updateable" value="1"><input type="hidden" name="merge" value="***"><input type="hidden" name="callAjax" value="false"><input class="button process" type="submit" name="Add" value="Add">
</form>
	<!-- END AddToTrolley.jsp -->
        <div class="numberInTrolley hidden numberInTrolley_79784" id="numberInTrolley_79784">
            
        </div>
    
                                        </div>

                                        <!-- BEGIN CatalogEntryRatingsReviewsInfo.jspf --><!-- productAllowedRatingsAndReviews: true -->
    <div class="reviews">
        
            <a class="numberOfReviews" href="http://www.sainsburys.co.uk/shop/gb/groceries/fruit-flavoured/sainsburys-lemonade--diet-x4-2l#reviews">
                <img src="http://c2.sainsburys.co.uk/wcsstore7.20.1.145/SainsburysStorefrontAssetStore/img/stars/rating-5_0.gif" alt="5.0" border="0">Â  
                Reviews (3)
            </a>
        
    </div>
<!-- END CatalogEntryRatingsReviewsInfo.jspf -->
                                   </div>
                               <!-- Start AddToSubscriptionList.jspf --><!-- Start AddToSubscriptionList.jsp --><!-- End AddToSubscriptionList.jsp --><!-- End AddToSubscriptionList.jspf -->     
                    </div>
                            
                    
    
    <div class="badges">
        <ul>
<li>

                        
                        
                        <img src="/wcsstore7.20.1.145/SainsburysStorefrontAssetStore/wcassets/icons/ico_spacer.gif" alt="Vegan">
</li>
                
                    
                    
                    
                     <li class="lastchild">

                        
                        
                        <img src="/wcsstore7.20.1.145/SainsburysStorefrontAssetStore/wcassets/icons/ico_spacer.gif" alt="Vegetarian">
</li>
                
        </ul>
</div>

                </div>     
            </div>
            <!--ThumbnailRestriction --><!-- END CatalogEntryThumbnailDisplay.jsp -->
	                            </div>
</li>
	                         

	                            <li class="gridItem" style="min-height: 477px;">
	                                <!-- BEGIN CatalogEntryThumbnailDisplay.jsp --><!-- BEGIN MerchandisingAssociationsDisplay.jsp --><!-- Start - JSP File Name:  MerchandisingAssociationsDisplay.jsp --><!-- END MerchandisingAssociationsDisplay.jsp -->
            <div class="product ">
                
                <div class="productInfo">
                    <div class="productNameAndPromotions">
                        
                                  <h3>
                                    <a href="http://www.sainsburys.co.uk/shop/gb/groceries/fruit-flavoured/fanta-orange-zero-6x330ml">
                                        Fanta Orange Zero 6x330ml
                                        <img src="http://c2.sainsburys.co.uk/wcsstore7.20.1.145/ExtendedSitesCatalogAssetStore/images/catalog/productImages/77/5449000120977/5449000120977_L.jpeg" alt=""></a>
                                </h3>
                              
                    </div> 
                </div>
                
                <div class="errorBanner hidden" id="error82183"></div>
                <div class="addToTrolleytabBox">   
                    <!--addToTrolleytabBox GRID VIEW --><!-- Start UserSubscribedOrNot.jspf --><!-- Start UserSubscribedOrNot.jsp --><!-- 
			If the user is not logged in, render this opening 
			DIV adding an addtional class to fix the border top which is removed 
			and replaced by the tabs
		-->
		<div class="addToTrolleytabContainer addItemBorderTop">
	<!-- End AddToSubscriptionList.jsp --><!-- End AddSubscriptionList.jspf --><!-- 
                    ATTENTION!!!
                    <div class="addToTrolleytabContainer">
                    This opening div is inside "../../ReusableObjects/UserSubscribedOrNot.jsp"
                    -->
                    <div class="pricingAndTrolleyOptions">
                    	
                                    <div class="priceTab priceTabContainer activeContainer addItem" id="addItem_82183">
                                       <div class="pricing">
                                           
	<p class="pricePerUnit">
    Â£3.50<abbr title="per">/</abbr><abbr title="unit"><span class="pricePerUnitUnit">unit</span></abbr>
</p>
 
    <p class="pricePerMeasure">Â£0.18<abbr title="per">/</abbr>100<abbr title="millilitre"><span class="pricePerMeasureMeasure">ml</span></abbr>
    </p>

                                       </div>                                      

                                     
                                        <div class="addToTrolleyForm "> 
                                           <!-- BEGIN AddToTrolley.jsp -->

		<form class="addToTrolleyForm" name="OrderItemAddForm_82183" action="OrderItemAdd" method="post" id="OrderItemAddForm_82183">
		    <input type="hidden" name="storeId" value="10151"><input type="hidden" name="langId" value="44"><input type="hidden" name="catalogId" value="10241"><input type="hidden" name="errorViewName" value="CategoryDisplayView"><input type="hidden" name="SKU_ID" value="2950082"><input type="hidden" name="itemType" value=""><label class="access" for="quantity_82182">Quantity</label>
		        
					<input name="quantity" id="quantity_82182" type="text" size="3" value="1" class="quantity"><input type="hidden" name="catEntryId" value="82183"><input type="hidden" name="productId" value="82182"><input type="hidden" name="URL" value="http://www.sainsburys.co.uk/webapp/wcs/stores/servlet/CategoryDisplay?msg=&amp;langId=44&amp;storeId=10151&amp;krypto=DCnawB4kF1P62vJKWOLl4bTQS8HvnyF3y8AtfXIJZn5ESwdXVzWXj9P3bxxViiVRGtM3Cs4oohJ1OwMiSdYs%2FHY2GfWoCOubKwB9oMlZWYtt2S95pi6owxfpfNkcRIBMQ8A0nci97P2SGzTzV6Fv7DT6ViLruLFXAHjC8cEa8C0%3D&amp;ddkey=http%3Agb%2Fgroceries%2Fdrinks%2Ffruit-flavoured"><input type="hidden" name="page" value=""><input type="hidden" name="contractId" value=""><input type="hidden" name="calculateOrder" value="1"><input type="hidden" name="calculationUsage" value="-1,-2,-3"><input type="hidden" name="updateable" value="1"><input type="hidden" name="merge" value="***"><input type="hidden" name="callAjax" value="false"><input class="button process" type="submit" name="Add" value="Add">
</form>
	<!-- END AddToTrolley.jsp -->
        <div class="numberInTrolley hidden numberInTrolley_82182" id="numberInTrolley_82182">
            
        </div>
    
                                        </div>

                                        <!-- BEGIN CatalogEntryRatingsReviewsInfo.jspf --><!-- productAllowedRatingsAndReviews: true -->
    <div class="reviews">
        
            <a class="numberOfReviews" href="http://www.sainsburys.co.uk/shop/gb/groceries/fruit-flavoured/fanta-orange-zero-6x330ml#reviews">
                <img src="http://c2.sainsburys.co.uk/wcsstore7.20.1.145/SainsburysStorefrontAssetStore/img/stars/rating-5_0.gif" alt="5.0" border="0">Â  
                Reviews (1)
            </a>
        
    </div>
<!-- END CatalogEntryRatingsReviewsInfo.jspf -->
                                   </div>
                               <!-- Start AddToSubscriptionList.jspf --><!-- Start AddToSubscriptionList.jsp --><!-- End AddToSubscriptionList.jsp --><!-- End AddToSubscriptionList.jspf -->     
                    </div>
                            
                    
                </div>     
            </div>
            <!--ThumbnailRestriction --><!-- END CatalogEntryThumbnailDisplay.jsp -->
	                            </div>
</li>
	                         

	                            <li class="gridItem" style="min-height: 477px;">
	                                <!-- BEGIN CatalogEntryThumbnailDisplay.jsp --><!-- BEGIN MerchandisingAssociationsDisplay.jsp --><!-- Start - JSP File Name:  MerchandisingAssociationsDisplay.jsp --><!-- END MerchandisingAssociationsDisplay.jsp -->
            <div class="product ">
                
                <div class="productInfo">
                    <div class="productNameAndPromotions">
                        
                                  <h3>
                                    <a href="http://www.sainsburys.co.uk/shop/gb/groceries/fruit-flavoured/sainsburys-lemonade-1l">
                                        Sainsbury's Lemonade 1L
                                        <img src="http://c2.sainsburys.co.uk/wcsstore7.20.1.145/ExtendedSitesCatalogAssetStore/images/catalog/productImages/63/0000000128063/0000000128063_L.jpeg" alt=""></a>
                                </h3>
                              
                    </div> 
                </div>
                
                <div class="errorBanner hidden" id="error79985"></div>
                <div class="addToTrolleytabBox">   
                    <!--addToTrolleytabBox GRID VIEW --><!-- Start UserSubscribedOrNot.jspf --><!-- Start UserSubscribedOrNot.jsp --><!-- 
			If the user is not logged in, render this opening 
			DIV adding an addtional class to fix the border top which is removed 
			and replaced by the tabs
		-->
		<div class="addToTrolleytabContainer addItemBorderTop">
	<!-- End AddToSubscriptionList.jsp --><!-- End AddSubscriptionList.jspf --><!-- 
                    ATTENTION!!!
                    <div class="addToTrolleytabContainer">
                    This opening div is inside "../../ReusableObjects/UserSubscribedOrNot.jsp"
                    -->
                    <div class="pricingAndTrolleyOptions">
                    	
                                    <div class="priceTab priceTabContainer activeContainer addItem" id="addItem_79985">
                                       <div class="pricing">
                                           
	<p class="pricePerUnit">
    Â£0.60<abbr title="per">/</abbr><abbr title="unit"><span class="pricePerUnitUnit">unit</span></abbr>
</p>
 
    <p class="pricePerMeasure">Â£0.06<abbr title="per">/</abbr>100<abbr title="millilitre"><span class="pricePerMeasureMeasure">ml</span></abbr>
    </p>

                                       </div>                                      

                                     
                                        <div class="addToTrolleyForm "> 
                                           <!-- BEGIN AddToTrolley.jsp -->

		<form class="addToTrolleyForm" name="OrderItemAddForm_79985" action="OrderItemAdd" method="post" id="OrderItemAddForm_79985">
		    <input type="hidden" name="storeId" value="10151"><input type="hidden" name="langId" value="44"><input type="hidden" name="catalogId" value="10241"><input type="hidden" name="errorViewName" value="CategoryDisplayView"><input type="hidden" name="SKU_ID" value="128063"><input type="hidden" name="itemType" value=""><label class="access" for="quantity_79984">Quantity</label>
		        
					<input name="quantity" id="quantity_79984" type="text" size="3" value="1" class="quantity"><input type="hidden" name="catEntryId" value="79985"><input type="hidden" name="productId" value="79984"><input type="hidden" name="URL" value="http://www.sainsburys.co.uk/webapp/wcs/stores/servlet/CategoryDisplay?msg=&amp;langId=44&amp;storeId=10151&amp;krypto=DCnawB4kF1P62vJKWOLl4bTQS8HvnyF3y8AtfXIJZn5ESwdXVzWXj9P3bxxViiVRGtM3Cs4oohJ1OwMiSdYs%2FHY2GfWoCOubKwB9oMlZWYtt2S95pi6owxfpfNkcRIBMQ8A0nci97P2SGzTzV6Fv7DT6ViLruLFXAHjC8cEa8C0%3D&amp;ddkey=http%3Agb%2Fgroceries%2Fdrinks%2Ffruit-flavoured"><input type="hidden" name="page" value=""><input type="hidden" name="contractId" value=""><input type="hidden" name="calculateOrder" value="1"><input type="hidden" name="calculationUsage" value="-1,-2,-3"><input type="hidden" name="updateable" value="1"><input type="hidden" name="merge" value="***"><input type="hidden" name="callAjax" value="false"><input class="button process" type="submit" name="Add" value="Add">
</form>
	<!-- END AddToTrolley.jsp -->
        <div class="numberInTrolley hidden numberInTrolley_79984" id="numberInTrolley_79984">
            
        </div>
    
                                        </div>

                                        <!-- BEGIN CatalogEntryRatingsReviewsInfo.jspf --><!-- productAllowedRatingsAndReviews: true -->
    <div class="reviews">
        
            <a class="numberOfReviews" href="http://www.sainsburys.co.uk/shop/gb/groceries/fruit-flavoured/sainsburys-lemonade-1l#reviews">
                <img src="http://c2.sainsburys.co.uk/wcsstore7.20.1.145/SainsburysStorefrontAssetStore/img/stars/rating-1_6.gif" alt="1.6429" border="0">Â  
                Reviews (28)
            </a>
        
    </div>
<!-- END CatalogEntryRatingsReviewsInfo.jspf -->
                                   </div>
                               <!-- Start AddToSubscriptionList.jspf --><!-- Start AddToSubscriptionList.jsp --><!-- End AddToSubscriptionList.jsp --><!-- End AddToSubscriptionList.jspf -->     
                    </div>
                            
                    
    
    <div class="badges">
        <ul>
<li>

                        
                        
                        <img src="/wcsstore7.20.1.145/SainsburysStorefrontAssetStore/wcassets/icons/ico_spacer.gif" alt="Vegan">
</li>
                
                    
                    
                    
                     <li class="lastchild">

                        
                        
                        <img src="/wcsstore7.20.1.145/SainsburysStorefrontAssetStore/wcassets/icons/ico_spacer.gif" alt="Vegetarian">
</li>
                
        </ul>
</div>

                </div>     
            </div>
            <!--ThumbnailRestriction --><!-- END CatalogEntryThumbnailDisplay.jsp -->
	                            </div>
</li>
	                         

	                            <li class="gridItem" style="min-height: 519px;">
	                                <!-- BEGIN CatalogEntryThumbnailDisplay.jsp --><!-- BEGIN MerchandisingAssociationsDisplay.jsp --><!-- Start - JSP File Name:  MerchandisingAssociationsDisplay.jsp --><!-- END MerchandisingAssociationsDisplay.jsp -->
            <div class="product  straplineRow">
                
                <div class="productInfo">
                    <div class="productNameAndPromotions">
                        
                                  <h3>
                                    <a href="http://www.sainsburys.co.uk/shop/gb/groceries/fruit-flavoured/sainsburys-cloudy-lemonade-no-added-sugar-2l">
                                        Sainsbury's Cloudy Lemonade No Added Sugar 2L
                                        <img src="http://c2.sainsburys.co.uk/wcsstore7.20.1.145/ExtendedSitesCatalogAssetStore/images/catalog/productImages/90/0000001327090/0000001327090_L.jpeg" alt=""></a>
                                </h3>
                              
                    </div> 
                </div>
                
                <div class="errorBanner hidden" id="error80099"></div>
                <div class="addToTrolleytabBox">   
                    <!--addToTrolleytabBox GRID VIEW --><!-- Start UserSubscribedOrNot.jspf --><!-- Start UserSubscribedOrNot.jsp --><!-- 
			If the user is not logged in, render this opening 
			DIV adding an addtional class to fix the border top which is removed 
			and replaced by the tabs
		-->
		<div class="addToTrolleytabContainer addItemBorderTop">
	<!-- End AddToSubscriptionList.jsp --><!-- End AddSubscriptionList.jspf --><!-- 
                    ATTENTION!!!
                    <div class="addToTrolleytabContainer">
                    This opening div is inside "../../ReusableObjects/UserSubscribedOrNot.jsp"
                    -->
                    <div class="pricingAndTrolleyOptions">
                    	
                                    <div class="priceTab priceTabContainer activeContainer addItem" id="addItem_80099">
                                       <div class="pricing">
                                           
	<p class="pricePerUnit">
    Â£0.65<abbr title="per">/</abbr><abbr title="unit"><span class="pricePerUnitUnit">unit</span></abbr>
</p>
 
    <p class="pricePerMeasure">Â£0.03<abbr title="per">/</abbr>100<abbr title="millilitre"><span class="pricePerMeasureMeasure">ml</span></abbr>
    </p>

                                       </div>                                      

                                     
                                        <div class="addToTrolleyForm "> 
                                           <!-- BEGIN AddToTrolley.jsp -->

		<form class="addToTrolleyForm" name="OrderItemAddForm_80099" action="OrderItemAdd" method="post" id="OrderItemAddForm_80099">
		    <input type="hidden" name="storeId" value="10151"><input type="hidden" name="langId" value="44"><input type="hidden" name="catalogId" value="10241"><input type="hidden" name="errorViewName" value="CategoryDisplayView"><input type="hidden" name="SKU_ID" value="1327090"><input type="hidden" name="itemType" value=""><label class="access" for="quantity_80098">Quantity</label>
		        
					<input name="quantity" id="quantity_80098" type="text" size="3" value="1" class="quantity"><input type="hidden" name="catEntryId" value="80099"><input type="hidden" name="productId" value="80098"><input type="hidden" name="URL" value="http://www.sainsburys.co.uk/webapp/wcs/stores/servlet/CategoryDisplay?msg=&amp;langId=44&amp;storeId=10151&amp;krypto=DCnawB4kF1P62vJKWOLl4bTQS8HvnyF3y8AtfXIJZn5ESwdXVzWXj9P3bxxViiVRGtM3Cs4oohJ1OwMiSdYs%2FHY2GfWoCOubKwB9oMlZWYtt2S95pi6owxfpfNkcRIBMQ8A0nci97P2SGzTzV6Fv7DT6ViLruLFXAHjC8cEa8C0%3D&amp;ddkey=http%3Agb%2Fgroceries%2Fdrinks%2Ffruit-flavoured"><input type="hidden" name="page" value=""><input type="hidden" name="contractId" value=""><input type="hidden" name="calculateOrder" value="1"><input type="hidden" name="calculationUsage" value="-1,-2,-3"><input type="hidden" name="updateable" value="1"><input type="hidden" name="merge" value="***"><input type="hidden" name="callAjax" value="false"><input class="button process" type="submit" name="Add" value="Add">
</form>
	<!-- END AddToTrolley.jsp -->
        <div class="numberInTrolley hidden numberInTrolley_80098" id="numberInTrolley_80098">
            
        </div>
    
                                        </div>

                                        <!-- BEGIN CatalogEntryRatingsReviewsInfo.jspf --><!-- productAllowedRatingsAndReviews: true -->
    <div class="reviews">
        
            <a class="numberOfReviews" href="http://www.sainsburys.co.uk/shop/gb/groceries/fruit-flavoured/sainsburys-cloudy-lemonade-no-added-sugar-2l#reviews">
                <img src="http://c2.sainsburys.co.uk/wcsstore7.20.1.145/SainsburysStorefrontAssetStore/img/stars/rating-4_9.gif" alt="4.9" border="0">Â  
                Reviews (10)
            </a>
        
    </div>
<!-- END CatalogEntryRatingsReviewsInfo.jspf -->
                                   </div>
                               <!-- Start AddToSubscriptionList.jspf --><!-- Start AddToSubscriptionList.jsp --><!-- End AddToSubscriptionList.jsp --><!-- End AddToSubscriptionList.jspf -->     
                    </div>
                            
                    
    
    <div class="badges">
        <ul>
<li>

                        
                        
                        <img src="/wcsstore7.20.1.145/SainsburysStorefrontAssetStore/wcassets/icons/ico_spacer.gif" alt="Vegetarian">
</li>
                
                    
                    
                    
                     <li class="lastchild">

                        
                        
                        <img src="/wcsstore7.20.1.145/SainsburysStorefrontAssetStore/wcassets/icons/ico_spacer.gif" alt="Vegan">
</li>
                
        </ul>
</div>

                </div>     
            </div>
            <!--ThumbnailRestriction --><!-- END CatalogEntryThumbnailDisplay.jsp -->
	                            </div>
</li>
	                         

	                            <li class="gridItem" style="min-height: 519px;">
	                                <!-- BEGIN CatalogEntryThumbnailDisplay.jsp --><!-- BEGIN MerchandisingAssociationsDisplay.jsp --><!-- Start - JSP File Name:  MerchandisingAssociationsDisplay.jsp --><!-- END MerchandisingAssociationsDisplay.jsp -->
            <div class="product  straplineRow">
                
                <div class="productInfo">
                    <div class="productNameAndPromotions">
                        
                                  <h3>
                                    <a href="http://www.sainsburys.co.uk/shop/gb/groceries/fruit-flavoured/sainsburys-lemonade--diet-1l">
                                        Sainsbury's Lemonade, Diet 1L
                                        <img src="http://c2.sainsburys.co.uk/wcsstore7.20.1.145/ExtendedSitesCatalogAssetStore/images/catalog/productImages/02/0000000185202/0000000185202_L.jpeg" alt=""></a>
                                </h3>
                              
                    </div> 
                </div>
                
                <div class="errorBanner hidden" id="error82395"></div>
                <div class="addToTrolleytabBox">   
                    <!--addToTrolleytabBox GRID VIEW --><!-- Start UserSubscribedOrNot.jspf --><!-- Start UserSubscribedOrNot.jsp --><!-- 
			If the user is not logged in, render this opening 
			DIV adding an addtional class to fix the border top which is removed 
			and replaced by the tabs
		-->
		<div class="addToTrolleytabContainer addItemBorderTop">
	<!-- End AddToSubscriptionList.jsp --><!-- End AddSubscriptionList.jspf --><!-- 
                    ATTENTION!!!
                    <div class="addToTrolleytabContainer">
                    This opening div is inside "../../ReusableObjects/UserSubscribedOrNot.jsp"
                    -->
                    <div class="pricingAndTrolleyOptions">
                    	
                                    <div class="priceTab priceTabContainer activeContainer addItem" id="addItem_82395">
                                       <div class="pricing">
                                           
	<p class="pricePerUnit">
    Â£0.60<abbr title="per">/</abbr><abbr title="unit"><span class="pricePerUnitUnit">unit</span></abbr>
</p>
 
    <p class="pricePerMeasure">Â£0.06<abbr title="per">/</abbr>100<abbr title="millilitre"><span class="pricePerMeasureMeasure">ml</span></abbr>
    </p>

                                       </div>                                      

                                     
                                        <div class="addToTrolleyForm "> 
                                           <!-- BEGIN AddToTrolley.jsp -->

		<form class="addToTrolleyForm" name="OrderItemAddForm_82395" action="OrderItemAdd" method="post" id="OrderItemAddForm_82395">
		    <input type="hidden" name="storeId" value="10151"><input type="hidden" name="langId" value="44"><input type="hidden" name="catalogId" value="10241"><input type="hidden" name="errorViewName" value="CategoryDisplayView"><input type="hidden" name="SKU_ID" value="306591"><input type="hidden" name="itemType" value=""><label class="access" for="quantity_82394">Quantity</label>
		        
					<input name="quantity" id="quantity_82394" type="text" size="3" value="1" class="quantity"><input type="hidden" name="catEntryId" value="82395"><input type="hidden" name="productId" value="82394"><input type="hidden" name="URL" value="http://www.sainsburys.co.uk/webapp/wcs/stores/servlet/CategoryDisplay?msg=&amp;langId=44&amp;storeId=10151&amp;krypto=DCnawB4kF1P62vJKWOLl4bTQS8HvnyF3y8AtfXIJZn5ESwdXVzWXj9P3bxxViiVRGtM3Cs4oohJ1OwMiSdYs%2FHY2GfWoCOubKwB9oMlZWYtt2S95pi6owxfpfNkcRIBMQ8A0nci97P2SGzTzV6Fv7DT6ViLruLFXAHjC8cEa8C0%3D&amp;ddkey=http%3Agb%2Fgroceries%2Fdrinks%2Ffruit-flavoured"><input type="hidden" name="page" value=""><input type="hidden" name="contractId" value=""><input type="hidden" name="calculateOrder" value="1"><input type="hidden" name="calculationUsage" value="-1,-2,-3"><input type="hidden" name="updateable" value="1"><input type="hidden" name="merge" value="***"><input type="hidden" name="callAjax" value="false"><input class="button process" type="submit" name="Add" value="Add">
</form>
	<!-- END AddToTrolley.jsp -->
        <div class="numberInTrolley hidden numberInTrolley_82394" id="numberInTrolley_82394">
            
        </div>
    
                                        </div>

                                        <!-- BEGIN CatalogEntryRatingsReviewsInfo.jspf --><!-- productAllowedRatingsAndReviews: true -->
    <div class="reviews">
        
            <a class="numberOfReviews" href="http://www.sainsburys.co.uk/shop/gb/groceries/fruit-flavoured/sainsburys-lemonade--diet-1l#reviews">
                <img src="http://c2.sainsburys.co.uk/wcsstore7.20.1.145/SainsburysStorefrontAssetStore/img/stars/rating-3_0.gif" alt="3.0" border="0">Â  
                Reviews (2)
            </a>
        
    </div>
<!-- END CatalogEntryRatingsReviewsInfo.jspf -->
                                   </div>
                               <!-- Start AddToSubscriptionList.jspf --><!-- Start AddToSubscriptionList.jsp --><!-- End AddToSubscriptionList.jsp --><!-- End AddToSubscriptionList.jspf -->     
                    </div>
                            
                    
    
    <div class="badges">
        <ul>
<li>

                        
                        
                        <img src="/wcsstore7.20.1.145/SainsburysStorefrontAssetStore/wcassets/icons/ico_spacer.gif" alt="Vegan">
</li>
                
                    
                    
                    
                     <li class="lastchild">

                        
                        
                        <img src="/wcsstore7.20.1.145/SainsburysStorefrontAssetStore/wcassets/icons/ico_spacer.gif" alt="Vegetarian">
</li>
                
        </ul>
</div>

                </div>     
            </div>
            <!--ThumbnailRestriction --><!-- END CatalogEntryThumbnailDisplay.jsp -->
	                            </div>
</li>
	                         

	                            <li class="gridItem" style="min-height: 519px;">
	                                <!-- BEGIN CatalogEntryThumbnailDisplay.jsp --><!-- BEGIN MerchandisingAssociationsDisplay.jsp --><!-- Start - JSP File Name:  MerchandisingAssociationsDisplay.jsp --><!-- END MerchandisingAssociationsDisplay.jsp -->
            <div class="product  highlighted specialOffer straplineRow">
                
                <div class="productInfo">
                    <div class="productNameAndPromotions">
                        
                                  <h3>
                                    <a href="http://www.sainsburys.co.uk/shop/gb/groceries/fruit-flavoured/fanta-orange-zero-2l">
                                        Fanta Orange Light Zero 2L
                                        <img src="http://c2.sainsburys.co.uk/wcsstore7.20.1.145/ExtendedSitesCatalogAssetStore/images/catalog/productImages/84/5449000120984/5449000120984_L.jpeg" alt=""></a>
                                </h3>
                              
    <div class="promotion">
                   
		            <p><a href="http://www.sainsburys.co.uk/shop/PromotionDisplayView?catalogId=10241&amp;langId=44&amp;productId=82042&amp;storeId=10151&amp;promotionId=10232863"><!-- BEGIN include/PromotionStrapline.jspf -->Only Â£1.00: Save 60p<br><!-- FINISH include/PromotionStrapline.jspf --></a></p>
		                        
    </div>

                    </div> 
                </div>
                
        <div class="strapline"><a href="http://www.sainsburys.co.uk/shop/PromotionDisplayView?catalogId=10241&amp;langId=44&amp;productId=82042&amp;storeId=10151&amp;promotionId=10232863"><img src="/wcsstore7.20.1.145/SainsburysStorefrontAssetStore/wcassets/icons/special/img-special-offer.png" alt="Special Offer"></a></div>
    
                <div class="errorBanner hidden" id="error82043"></div>
                <div class="addToTrolleytabBox">   
                    <!--addToTrolleytabBox GRID VIEW --><!-- Start UserSubscribedOrNot.jspf --><!-- Start UserSubscribedOrNot.jsp --><!-- 
			If the user is not logged in, render this opening 
			DIV adding an addtional class to fix the border top which is removed 
			and replaced by the tabs
		-->
		<div class="addToTrolleytabContainer addItemBorderTop">
	<!-- End AddToSubscriptionList.jsp --><!-- End AddSubscriptionList.jspf --><!-- 
                    ATTENTION!!!
                    <div class="addToTrolleytabContainer">
                    This opening div is inside "../../ReusableObjects/UserSubscribedOrNot.jsp"
                    -->
                    <div class="pricingAndTrolleyOptions">
                    	
                                    <div class="priceTab priceTabContainer activeContainer addItem" id="addItem_82043">
                                       <div class="pricing">
                                           
	<p class="pricePerUnit">
    Â£1.00<abbr title="per">/</abbr><abbr title="unit"><span class="pricePerUnitUnit">unit</span></abbr>
</p>
 
    <p class="pricePerMeasure">Â£0.05<abbr title="per">/</abbr>100<abbr title="millilitre"><span class="pricePerMeasureMeasure">ml</span></abbr>
    </p>

                                       </div>                                      

                                     
                                        <div class="addToTrolleyForm "> 
                                           <!-- BEGIN AddToTrolley.jsp -->

		<form class="addToTrolleyForm" name="OrderItemAddForm_82043" action="OrderItemAdd" method="post" id="OrderItemAddForm_82043">
		    <input type="hidden" name="storeId" value="10151"><input type="hidden" name="langId" value="44"><input type="hidden" name="catalogId" value="10241"><input type="hidden" name="errorViewName" value="CategoryDisplayView"><input type="hidden" name="SKU_ID" value="2900766"><input type="hidden" name="itemType" value=""><label class="access" for="quantity_82042">Quantity</label>
		        
					<input name="quantity" id="quantity_82042" type="text" size="3" value="1" class="quantity"><input type="hidden" name="catEntryId" value="82043"><input type="hidden" name="productId" value="82042"><input type="hidden" name="URL" value="http://www.sainsburys.co.uk/webapp/wcs/stores/servlet/CategoryDisplay?msg=&amp;langId=44&amp;storeId=10151&amp;krypto=DCnawB4kF1P62vJKWOLl4bTQS8HvnyF3y8AtfXIJZn5ESwdXVzWXj9P3bxxViiVRGtM3Cs4oohJ1OwMiSdYs%2FHY2GfWoCOubKwB9oMlZWYtt2S95pi6owxfpfNkcRIBMQ8A0nci97P2SGzTzV6Fv7DT6ViLruLFXAHjC8cEa8C0%3D&amp;ddkey=http%3Agb%2Fgroceries%2Fdrinks%2Ffruit-flavoured"><input type="hidden" name="page" value=""><input type="hidden" name="contractId" value=""><input type="hidden" name="calculateOrder" value="1"><input type="hidden" name="calculationUsage" value="-1,-2,-3"><input type="hidden" name="updateable" value="1"><input type="hidden" name="merge" value="***"><input type="hidden" name="callAjax" value="false"><input class="button process" type="submit" name="Add" value="Add">
</form>
	<!-- END AddToTrolley.jsp -->
        <div class="numberInTrolley hidden numberInTrolley_82042" id="numberInTrolley_82042">
            
        </div>
    
                                        </div>

                                        <!-- BEGIN CatalogEntryRatingsReviewsInfo.jspf --><!-- productAllowedRatingsAndReviews: true -->
    <div class="reviews">
        
	        <a class="numberOfReviews repressive" href="http://reviews.sainsburys.co.uk//8076-en_gb/2900766-P/writereview.htm?submissionurl=http%3A%2F%2Fwww.sainsburys.co.uk%2Fwebapp%2Fwcs%2Fstores%2Fservlet%2FBVReviewSubmitDisplay%3FcatalogId%3D10241%26storeId%3D10151%26recipe%3D%26langId%3D44%26productId%3D2900766-P&amp;return=http%3A%2F%2Fwww.sainsburys.co.uk%2Fshop%2FCategoryDisplay%3FpageSize%3D30%26catalogId%3D10241%26level%3D2%26top_category%3D12192%26parent_category_rn%3D12192%26langId%3D44%26categoryId%3D12392%26beginIndex%3D0%26storeId%3D10151">
	    Write a review
          	</a>
        
    </div>
<!-- END CatalogEntryRatingsReviewsInfo.jspf -->
                                   </div>
                               <!-- Start AddToSubscriptionList.jspf --><!-- Start AddToSubscriptionList.jsp --><!-- End AddToSubscriptionList.jsp --><!-- End AddToSubscriptionList.jspf -->     
                    </div>
                            
                    
                </div>     
            </div>
            <!--ThumbnailRestriction --><!-- END CatalogEntryThumbnailDisplay.jsp -->
	                            </div>
</li>
	                         

	                            <li class="gridItem" style="min-height: 449px;">
	                                <!-- BEGIN CatalogEntryThumbnailDisplay.jsp --><!-- BEGIN MerchandisingAssociationsDisplay.jsp --><!-- Start - JSP File Name:  MerchandisingAssociationsDisplay.jsp --><!-- END MerchandisingAssociationsDisplay.jsp -->
            <div class="product  straplineRow">
                
                <div class="productInfo">
                    <div class="productNameAndPromotions">
                        
                                  <h3>
                                    <a href="http://www.sainsburys.co.uk/shop/gb/groceries/fruit-flavoured/7up-light-2l">
                                        7UP Light 2L
                                        <img src="http://c2.sainsburys.co.uk/wcsstore7.20.1.145/ExtendedSitesCatalogAssetStore/images/catalog/productImages/09/4060800108609/4060800108609_L.jpeg" alt=""></a>
                                </h3>
                              
                    </div> 
                </div>
                
                <div class="errorBanner hidden" id="error80765"></div>
                <div class="addToTrolleytabBox">   
                    <!--addToTrolleytabBox GRID VIEW --><!-- Start UserSubscribedOrNot.jspf --><!-- Start UserSubscribedOrNot.jsp --><!-- 
			If the user is not logged in, render this opening 
			DIV adding an addtional class to fix the border top which is removed 
			and replaced by the tabs
		-->
		<div class="addToTrolleytabContainer addItemBorderTop">
	<!-- End AddToSubscriptionList.jsp --><!-- End AddSubscriptionList.jspf --><!-- 
                    ATTENTION!!!
                    <div class="addToTrolleytabContainer">
                    This opening div is inside "../../ReusableObjects/UserSubscribedOrNot.jsp"
                    -->
                    <div class="pricingAndTrolleyOptions">
                    	
                                    <div class="priceTab priceTabContainer activeContainer addItem" id="addItem_80765">
                                       <div class="pricing">
                                           
	<p class="pricePerUnit">
    Â£1.30<abbr title="per">/</abbr><abbr title="unit"><span class="pricePerUnitUnit">unit</span></abbr>
</p>
 
    <p class="pricePerMeasure">Â£0.07<abbr title="per">/</abbr>100<abbr title="millilitre"><span class="pricePerMeasureMeasure">ml</span></abbr>
    </p>

                                       </div>                                      

                                     
                                        <div class="addToTrolleyForm "> 
                                           <!-- BEGIN AddToTrolley.jsp -->

		<form class="addToTrolleyForm" name="OrderItemAddForm_80765" action="OrderItemAdd" method="post" id="OrderItemAddForm_80765">
		    <input type="hidden" name="storeId" value="10151"><input type="hidden" name="langId" value="44"><input type="hidden" name="catalogId" value="10241"><input type="hidden" name="errorViewName" value="CategoryDisplayView"><input type="hidden" name="SKU_ID" value="2169972"><input type="hidden" name="itemType" value=""><label class="access" for="quantity_80764">Quantity</label>
		        
					<input name="quantity" id="quantity_80764" type="text" size="3" value="1" class="quantity"><input type="hidden" name="catEntryId" value="80765"><input type="hidden" name="productId" value="80764"><input type="hidden" name="URL" value="http://www.sainsburys.co.uk/webapp/wcs/stores/servlet/CategoryDisplay?msg=&amp;langId=44&amp;storeId=10151&amp;krypto=DCnawB4kF1P62vJKWOLl4bTQS8HvnyF3y8AtfXIJZn5ESwdXVzWXj9P3bxxViiVRGtM3Cs4oohJ1OwMiSdYs%2FHY2GfWoCOubKwB9oMlZWYtt2S95pi6owxfpfNkcRIBMQ8A0nci97P2SGzTzV6Fv7DT6ViLruLFXAHjC8cEa8C0%3D&amp;ddkey=http%3Agb%2Fgroceries%2Fdrinks%2Ffruit-flavoured"><input type="hidden" name="page" value=""><input type="hidden" name="contractId" value=""><input type="hidden" name="calculateOrder" value="1"><input type="hidden" name="calculationUsage" value="-1,-2,-3"><input type="hidden" name="updateable" value="1"><input type="hidden" name="merge" value="***"><input type="hidden" name="callAjax" value="false"><input class="button process" type="submit" name="Add" value="Add">
</form>
	<!-- END AddToTrolley.jsp -->
        <div class="numberInTrolley hidden numberInTrolley_80764" id="numberInTrolley_80764">
            
        </div>
    
                                        </div>

                                        <!-- BEGIN CatalogEntryRatingsReviewsInfo.jspf --><!-- productAllowedRatingsAndReviews: true -->
    <div class="reviews">
        
            <a class="numberOfReviews" href="http://www.sainsburys.co.uk/shop/gb/groceries/fruit-flavoured/7up-light-2l#reviews">
                <img src="http://c2.sainsburys.co.uk/wcsstore7.20.1.145/SainsburysStorefrontAssetStore/img/stars/rating-5_0.gif" alt="5.0" border="0">Â  
                Reviews (2)
            </a>
        
    </div>
<!-- END CatalogEntryRatingsReviewsInfo.jspf -->
                                   </div>
                               <!-- Start AddToSubscriptionList.jspf --><!-- Start AddToSubscriptionList.jsp --><!-- End AddToSubscriptionList.jsp --><!-- End AddToSubscriptionList.jspf -->     
                    </div>
                            
                    
                </div>     
            </div>
            <!--ThumbnailRestriction --><!-- END CatalogEntryThumbnailDisplay.jsp -->
	                            </div>
</li>
	                         

	                            <li class="gridItem" style="min-height: 449px;">
	                                <!-- BEGIN CatalogEntryThumbnailDisplay.jsp --><!-- BEGIN MerchandisingAssociationsDisplay.jsp --><!-- Start - JSP File Name:  MerchandisingAssociationsDisplay.jsp --><!-- END MerchandisingAssociationsDisplay.jsp -->
            <div class="product  highlighted specialOffer straplineRow">
                
                <div class="productInfo">
                    <div class="productNameAndPromotions">
                        
                                  <h3>
                                    <a href="http://www.sainsburys.co.uk/shop/gb/groceries/fruit-flavoured/7up-sugar-free-6x330ml">
                                        7UP Sugar Free 6x330ml
                                        <img src="http://c2.sainsburys.co.uk/wcsstore7.20.1.145/ExtendedSitesCatalogAssetStore/images/catalog/productImages/57/8717700002457/8717700002457_L.jpeg" alt=""></a>
                                </h3>
                              
    <div class="promotion">
                   
		            <p><a href="http://www.sainsburys.co.uk/shop/PromotionDisplayView?catalogId=10241&amp;langId=44&amp;productId=81066&amp;storeId=10151&amp;promotionId=10232931"><!-- BEGIN include/PromotionStrapline.jspf -->Only Â£2.50: Save 50p<br><!-- FINISH include/PromotionStrapline.jspf --></a></p>
		                        
    </div>

                    </div> 
                </div>
                
        <div class="strapline"><a href="http://www.sainsburys.co.uk/shop/PromotionDisplayView?catalogId=10241&amp;langId=44&amp;productId=81066&amp;storeId=10151&amp;promotionId=10232931"><img src="/wcsstore7.20.1.145/SainsburysStorefrontAssetStore/wcassets/icons/special/img-special-offer.png" alt="Special Offer"></a></div>
    
                <div class="errorBanner hidden" id="error81067"></div>
                <div class="addToTrolleytabBox">   
                    <!--addToTrolleytabBox GRID VIEW --><!-- Start UserSubscribedOrNot.jspf --><!-- Start UserSubscribedOrNot.jsp --><!-- 
			If the user is not logged in, render this opening 
			DIV adding an addtional class to fix the border top which is removed 
			and replaced by the tabs
		-->
		<div class="addToTrolleytabContainer addItemBorderTop">
	<!-- End AddToSubscriptionList.jsp --><!-- End AddSubscriptionList.jspf --><!-- 
                    ATTENTION!!!
                    <div class="addToTrolleytabContainer">
                    This opening div is inside "../../ReusableObjects/UserSubscribedOrNot.jsp"
                    -->
                    <div class="pricingAndTrolleyOptions">
                    	
                                    <div class="priceTab priceTabContainer activeContainer addItem" id="addItem_81067">
                                       <div class="pricing">
                                           
	<p class="pricePerUnit">
    Â£2.50<abbr title="per">/</abbr><abbr title="unit"><span class="pricePerUnitUnit">unit</span></abbr>
</p>
 
    <p class="pricePerMeasure">Â£0.12<abbr title="per">/</abbr>100<abbr title="millilitre"><span class="pricePerMeasureMeasure">ml</span></abbr>
    </p>

                                       </div>                                      

                                     
                                        <div class="addToTrolleyForm "> 
                                           <!-- BEGIN AddToTrolley.jsp -->

		<form class="addToTrolleyForm" name="OrderItemAddForm_81067" action="OrderItemAdd" method="post" id="OrderItemAddForm_81067">
		    <input type="hidden" name="storeId" value="10151"><input type="hidden" name="langId" value="44"><input type="hidden" name="catalogId" value="10241"><input type="hidden" name="errorViewName" value="CategoryDisplayView"><input type="hidden" name="SKU_ID" value="2332000"><input type="hidden" name="itemType" value=""><label class="access" for="quantity_81066">Quantity</label>
		        
					<input name="quantity" id="quantity_81066" type="text" size="3" value="1" class="quantity"><input type="hidden" name="catEntryId" value="81067"><input type="hidden" name="productId" value="81066"><input type="hidden" name="URL" value="http://www.sainsburys.co.uk/webapp/wcs/stores/servlet/CategoryDisplay?msg=&amp;langId=44&amp;storeId=10151&amp;krypto=DCnawB4kF1P62vJKWOLl4bTQS8HvnyF3y8AtfXIJZn5ESwdXVzWXj9P3bxxViiVRGtM3Cs4oohJ1OwMiSdYs%2FHY2GfWoCOubKwB9oMlZWYtt2S95pi6owxfpfNkcRIBMQ8A0nci97P2SGzTzV6Fv7DT6ViLruLFXAHjC8cEa8C0%3D&amp;ddkey=http%3Agb%2Fgroceries%2Fdrinks%2Ffruit-flavoured"><input type="hidden" name="page" value=""><input type="hidden" name="contractId" value=""><input type="hidden" name="calculateOrder" value="1"><input type="hidden" name="calculationUsage" value="-1,-2,-3"><input type="hidden" name="updateable" value="1"><input type="hidden" name="merge" value="***"><input type="hidden" name="callAjax" value="false"><input class="button process" type="submit" name="Add" value="Add">
</form>
	<!-- END AddToTrolley.jsp -->
        <div class="numberInTrolley hidden numberInTrolley_81066" id="numberInTrolley_81066">
            
        </div>
    
                                        </div>

                                        <!-- BEGIN CatalogEntryRatingsReviewsInfo.jspf --><!-- productAllowedRatingsAndReviews: true -->
    <div class="reviews">
        
	        <a class="numberOfReviews repressive" href="http://reviews.sainsburys.co.uk//8076-en_gb/2332000-P/writereview.htm?submissionurl=http%3A%2F%2Fwww.sainsburys.co.uk%2Fwebapp%2Fwcs%2Fstores%2Fservlet%2FBVReviewSubmitDisplay%3FcatalogId%3D10241%26storeId%3D10151%26recipe%3D%26langId%3D44%26productId%3D2332000-P&amp;return=http%3A%2F%2Fwww.sainsburys.co.uk%2Fshop%2FCategoryDisplay%3FpageSize%3D30%26catalogId%3D10241%26level%3D2%26top_category%3D12192%26parent_category_rn%3D12192%26langId%3D44%26categoryId%3D12392%26beginIndex%3D0%26storeId%3D10151">
	    Write a review
          	</a>
        
    </div>
<!-- END CatalogEntryRatingsReviewsInfo.jspf -->
                                   </div>
                               <!-- Start AddToSubscriptionList.jspf --><!-- Start AddToSubscriptionList.jsp --><!-- End AddToSubscriptionList.jsp --><!-- End AddToSubscriptionList.jspf -->     
                    </div>
                            
                    
                </div>     
            </div>
            <!--ThumbnailRestriction --><!-- END CatalogEntryThumbnailDisplay.jsp -->
	                            </div>
</li>
	                         

	                            <li class="gridItem" style="min-height: 449px;">
	                                <!-- BEGIN CatalogEntryThumbnailDisplay.jsp --><!-- BEGIN MerchandisingAssociationsDisplay.jsp --><!-- Start - JSP File Name:  MerchandisingAssociationsDisplay.jsp --><!-- END MerchandisingAssociationsDisplay.jsp -->
            <div class="product  straplineRow">
                
                <div class="productInfo">
                    <div class="productNameAndPromotions">
                        
                                  <h3>
                                    <a href="http://www.sainsburys.co.uk/shop/gb/groceries/fruit-flavoured/r-whites-diet-lemonade-2l">
                                        R Whites Diet Lemonade 2L
                                        <img src="http://c2.sainsburys.co.uk/wcsstore7.20.1.145/ExtendedSitesCatalogAssetStore/images/catalog/productImages/12/5010018002212/5010018002212_L.jpeg" alt=""></a>
                                </h3>
                              
                    </div> 
                </div>
                
                <div class="errorBanner hidden" id="error91813"></div>
                <div class="addToTrolleytabBox">   
                    <!--addToTrolleytabBox GRID VIEW --><!-- Start UserSubscribedOrNot.jspf --><!-- Start UserSubscribedOrNot.jsp --><!-- 
			If the user is not logged in, render this opening 
			DIV adding an addtional class to fix the border top which is removed 
			and replaced by the tabs
		-->
		<div class="addToTrolleytabContainer addItemBorderTop">
	<!-- End AddToSubscriptionList.jsp --><!-- End AddSubscriptionList.jspf --><!-- 
                    ATTENTION!!!
                    <div class="addToTrolleytabContainer">
                    This opening div is inside "../../ReusableObjects/UserSubscribedOrNot.jsp"
                    -->
                    <div class="pricingAndTrolleyOptions">
                    	
                                    <div class="priceTab priceTabContainer activeContainer addItem" id="addItem_91813">
                                       <div class="pricing">
                                           
	<p class="pricePerUnit">
    Â£1.30<abbr title="per">/</abbr><abbr title="unit"><span class="pricePerUnitUnit">unit</span></abbr>
</p>
 
    <p class="pricePerMeasure">Â£0.07<abbr title="per">/</abbr>100<abbr title="millilitre"><span class="pricePerMeasureMeasure">ml</span></abbr>
    </p>

                                       </div>                                      

                                     
                                        <div class="addToTrolleyForm "> 
                                           <!-- BEGIN AddToTrolley.jsp -->

		<form class="addToTrolleyForm" name="OrderItemAddForm_91813" action="OrderItemAdd" method="post" id="OrderItemAddForm_91813">
		    <input type="hidden" name="storeId" value="10151"><input type="hidden" name="langId" value="44"><input type="hidden" name="catalogId" value="10241"><input type="hidden" name="errorViewName" value="CategoryDisplayView"><input type="hidden" name="SKU_ID" value="6615826"><input type="hidden" name="itemType" value=""><label class="access" for="quantity_91812">Quantity</label>
		        
					<input name="quantity" id="quantity_91812" type="text" size="3" value="1" class="quantity"><input type="hidden" name="catEntryId" value="91813"><input type="hidden" name="productId" value="91812"><input type="hidden" name="URL" value="http://www.sainsburys.co.uk/webapp/wcs/stores/servlet/CategoryDisplay?msg=&amp;langId=44&amp;storeId=10151&amp;krypto=DCnawB4kF1P62vJKWOLl4bTQS8HvnyF3y8AtfXIJZn5ESwdXVzWXj9P3bxxViiVRGtM3Cs4oohJ1OwMiSdYs%2FHY2GfWoCOubKwB9oMlZWYtt2S95pi6owxfpfNkcRIBMQ8A0nci97P2SGzTzV6Fv7DT6ViLruLFXAHjC8cEa8C0%3D&amp;ddkey=http%3Agb%2Fgroceries%2Fdrinks%2Ffruit-flavoured"><input type="hidden" name="page" value=""><input type="hidden" name="contractId" value=""><input type="hidden" name="calculateOrder" value="1"><input type="hidden" name="calculationUsage" value="-1,-2,-3"><input type="hidden" name="updateable" value="1"><input type="hidden" name="merge" value="***"><input type="hidden" name="callAjax" value="false"><input class="button process" type="submit" name="Add" value="Add">
</form>
	<!-- END AddToTrolley.jsp -->
        <div class="numberInTrolley hidden numberInTrolley_91812" id="numberInTrolley_91812">
            
        </div>
    
                                        </div>

                                        <!-- BEGIN CatalogEntryRatingsReviewsInfo.jspf --><!-- productAllowedRatingsAndReviews: true -->
    <div class="reviews">
        
            <a class="numberOfReviews" href="http://www.sainsburys.co.uk/shop/gb/groceries/fruit-flavoured/r-whites-diet-lemonade-2l#reviews">
                <img src="http://c2.sainsburys.co.uk/wcsstore7.20.1.145/SainsburysStorefrontAssetStore/img/stars/rating-3_5.gif" alt="3.5" border="0">Â  
                Reviews (2)
            </a>
        
    </div>
<!-- END CatalogEntryRatingsReviewsInfo.jspf -->
                                   </div>
                               <!-- Start AddToSubscriptionList.jspf --><!-- Start AddToSubscriptionList.jsp --><!-- End AddToSubscriptionList.jsp --><!-- End AddToSubscriptionList.jspf -->     
                    </div>
                            
                    
                </div>     
            </div>
            <!--ThumbnailRestriction --><!-- END CatalogEntryThumbnailDisplay.jsp -->
	                            </div>
</li>
	                         

	                            <li class="gridItem" style="min-height: 406px;">
	                                <!-- BEGIN CatalogEntryThumbnailDisplay.jsp --><!-- BEGIN MerchandisingAssociationsDisplay.jsp --><!-- Start - JSP File Name:  MerchandisingAssociationsDisplay.jsp --><!-- END MerchandisingAssociationsDisplay.jsp -->
            <div class="product ">
                
                <div class="productInfo">
                    <div class="productNameAndPromotions">
                        
                                  <h3>
                                    <a href="http://www.sainsburys.co.uk/shop/gb/groceries/fruit-flavoured/sprite-zero-6x330ml">
                                        Sprite Zero 6x330ml
                                        <img src="http://c2.sainsburys.co.uk/wcsstore7.20.1.145/ExtendedSitesCatalogAssetStore/images/catalog/productImages/93/5449000116093/5449000116093_L.jpeg" alt=""></a>
                                </h3>
                              
                    </div> 
                </div>
                
                <div class="errorBanner hidden" id="error81071"></div>
                <div class="addToTrolleytabBox">   
                    <!--addToTrolleytabBox GRID VIEW --><!-- Start UserSubscribedOrNot.jspf --><!-- Start UserSubscribedOrNot.jsp --><!-- 
			If the user is not logged in, render this opening 
			DIV adding an addtional class to fix the border top which is removed 
			and replaced by the tabs
		-->
		<div class="addToTrolleytabContainer addItemBorderTop">
	<!-- End AddToSubscriptionList.jsp --><!-- End AddSubscriptionList.jspf --><!-- 
                    ATTENTION!!!
                    <div class="addToTrolleytabContainer">
                    This opening div is inside "../../ReusableObjects/UserSubscribedOrNot.jsp"
                    -->
                    <div class="pricingAndTrolleyOptions">
                    	
                                    <div class="priceTab priceTabContainer activeContainer addItem" id="addItem_81071">
                                       <div class="pricing">
                                           
	<p class="pricePerUnit">
    Â£3.50<abbr title="per">/</abbr><abbr title="unit"><span class="pricePerUnitUnit">unit</span></abbr>
</p>
 
    <p class="pricePerMeasure">Â£0.18<abbr title="per">/</abbr>100<abbr title="millilitre"><span class="pricePerMeasureMeasure">ml</span></abbr>
    </p>

                                       </div>                                      

                                     
                                        <div class="addToTrolleyForm "> 
                                           <!-- BEGIN AddToTrolley.jsp -->

		<form class="addToTrolleyForm" name="OrderItemAddForm_81071" action="OrderItemAdd" method="post" id="OrderItemAddForm_81071">
		    <input type="hidden" name="storeId" value="10151"><input type="hidden" name="langId" value="44"><input type="hidden" name="catalogId" value="10241"><input type="hidden" name="errorViewName" value="CategoryDisplayView"><input type="hidden" name="SKU_ID" value="2332079"><input type="hidden" name="itemType" value=""><label class="access" for="quantity_81070">Quantity</label>
		        
					<input name="quantity" id="quantity_81070" type="text" size="3" value="1" class="quantity"><input type="hidden" name="catEntryId" value="81071"><input type="hidden" name="productId" value="81070"><input type="hidden" name="URL" value="http://www.sainsburys.co.uk/webapp/wcs/stores/servlet/CategoryDisplay?msg=&amp;langId=44&amp;storeId=10151&amp;krypto=DCnawB4kF1P62vJKWOLl4bTQS8HvnyF3y8AtfXIJZn5ESwdXVzWXj9P3bxxViiVRGtM3Cs4oohJ1OwMiSdYs%2FHY2GfWoCOubKwB9oMlZWYtt2S95pi6owxfpfNkcRIBMQ8A0nci97P2SGzTzV6Fv7DT6ViLruLFXAHjC8cEa8C0%3D&amp;ddkey=http%3Agb%2Fgroceries%2Fdrinks%2Ffruit-flavoured"><input type="hidden" name="page" value=""><input type="hidden" name="contractId" value=""><input type="hidden" name="calculateOrder" value="1"><input type="hidden" name="calculationUsage" value="-1,-2,-3"><input type="hidden" name="updateable" value="1"><input type="hidden" name="merge" value="***"><input type="hidden" name="callAjax" value="false"><input class="button process" type="submit" name="Add" value="Add">
</form>
	<!-- END AddToTrolley.jsp -->
        <div class="numberInTrolley hidden numberInTrolley_81070" id="numberInTrolley_81070">
            
        </div>
    
                                        </div>

                                        <!-- BEGIN CatalogEntryRatingsReviewsInfo.jspf --><!-- productAllowedRatingsAndReviews: true -->
    <div class="reviews">
        
	        <a class="numberOfReviews repressive" href="http://reviews.sainsburys.co.uk//8076-en_gb/2332079-P/writereview.htm?submissionurl=http%3A%2F%2Fwww.sainsburys.co.uk%2Fwebapp%2Fwcs%2Fstores%2Fservlet%2FBVReviewSubmitDisplay%3FcatalogId%3D10241%26storeId%3D10151%26recipe%3D%26langId%3D44%26productId%3D2332079-P&amp;return=http%3A%2F%2Fwww.sainsburys.co.uk%2Fshop%2FCategoryDisplay%3FpageSize%3D30%26catalogId%3D10241%26level%3D2%26top_category%3D12192%26parent_category_rn%3D12192%26langId%3D44%26categoryId%3D12392%26beginIndex%3D0%26storeId%3D10151">
	    Write a review
          	</a>
        
    </div>
<!-- END CatalogEntryRatingsReviewsInfo.jspf -->
                                   </div>
                               <!-- Start AddToSubscriptionList.jspf --><!-- Start AddToSubscriptionList.jsp --><!-- End AddToSubscriptionList.jsp --><!-- End AddToSubscriptionList.jspf -->     
                    </div>
                            
                    
                </div>     
            </div>
            <!--ThumbnailRestriction --><!-- END CatalogEntryThumbnailDisplay.jsp -->
	                            </div>
</li>
	                         

	                            <li class="gridItem" style="min-height: 406px;">
	                                <!-- BEGIN CatalogEntryThumbnailDisplay.jsp --><!-- BEGIN MerchandisingAssociationsDisplay.jsp --><!-- Start - JSP File Name:  MerchandisingAssociationsDisplay.jsp --><!-- END MerchandisingAssociationsDisplay.jsp -->
            <div class="product ">
                
                <div class="productInfo">
                    <div class="productNameAndPromotions">
                        
                                  <h3>
                                    <a href="http://www.sainsburys.co.uk/shop/gb/groceries/fruit-flavoured/lucozade-energy-drink-orange-x6-380ml">
                                        Lucozade Energy Orange x6 380ml
                                        <img src="http://c2.sainsburys.co.uk/wcsstore7.20.1.145/ExtendedSitesCatalogAssetStore/images/catalog/productImages/47/5054267000247/5054267000247_L.jpeg" alt=""></a>
                                </h3>
                              
                    </div> 
                </div>
                
                <div class="errorBanner hidden" id="error39635"></div>
                <div class="addToTrolleytabBox">   
                    <!--addToTrolleytabBox GRID VIEW --><!-- Start UserSubscribedOrNot.jspf --><!-- Start UserSubscribedOrNot.jsp --><!-- 
			If the user is not logged in, render this opening 
			DIV adding an addtional class to fix the border top which is removed 
			and replaced by the tabs
		-->
		<div class="addToTrolleytabContainer addItemBorderTop">
	<!-- End AddToSubscriptionList.jsp --><!-- End AddSubscriptionList.jspf --><!-- 
                    ATTENTION!!!
                    <div class="addToTrolleytabContainer">
                    This opening div is inside "../../ReusableObjects/UserSubscribedOrNot.jsp"
                    -->
                    <div class="pricingAndTrolleyOptions">
                    	
                                    <div class="priceTab priceTabContainer activeContainer addItem" id="addItem_39635">
                                       <div class="pricing">
                                           
	<p class="pricePerUnit">
    Â£3.00<abbr title="per">/</abbr><abbr title="unit"><span class="pricePerUnitUnit">unit</span></abbr>
</p>
 
    <p class="pricePerMeasure">Â£0.13<abbr title="per">/</abbr>100<abbr title="millilitre"><span class="pricePerMeasureMeasure">ml</span></abbr>
    </p>

                                       </div>                                      

                                     
                                        <div class="addToTrolleyForm "> 
                                           <!-- BEGIN AddToTrolley.jsp -->

		<form class="addToTrolleyForm" name="OrderItemAddForm_39635" action="OrderItemAdd" method="post" id="OrderItemAddForm_39635">
		    <input type="hidden" name="storeId" value="10151"><input type="hidden" name="langId" value="44"><input type="hidden" name="catalogId" value="10241"><input type="hidden" name="errorViewName" value="CategoryDisplayView"><input type="hidden" name="SKU_ID" value="3705582"><input type="hidden" name="itemType" value=""><label class="access" for="quantity_39634">Quantity</label>
		        
					<input name="quantity" id="quantity_39634" type="text" size="3" value="1" class="quantity"><input type="hidden" name="catEntryId" value="39635"><input type="hidden" name="productId" value="39634"><input type="hidden" name="URL" value="http://www.sainsburys.co.uk/webapp/wcs/stores/servlet/CategoryDisplay?msg=&amp;langId=44&amp;storeId=10151&amp;krypto=DCnawB4kF1P62vJKWOLl4bTQS8HvnyF3y8AtfXIJZn5ESwdXVzWXj9P3bxxViiVRGtM3Cs4oohJ1OwMiSdYs%2FHY2GfWoCOubKwB9oMlZWYtt2S95pi6owxfpfNkcRIBMQ8A0nci97P2SGzTzV6Fv7DT6ViLruLFXAHjC8cEa8C0%3D&amp;ddkey=http%3Agb%2Fgroceries%2Fdrinks%2Ffruit-flavoured"><input type="hidden" name="page" value=""><input type="hidden" name="contractId" value=""><input type="hidden" name="calculateOrder" value="1"><input type="hidden" name="calculationUsage" value="-1,-2,-3"><input type="hidden" name="updateable" value="1"><input type="hidden" name="merge" value="***"><input type="hidden" name="callAjax" value="false"><input class="button process" type="submit" name="Add" value="Add">
</form>
	<!-- END AddToTrolley.jsp -->
        <div class="numberInTrolley hidden numberInTrolley_39634" id="numberInTrolley_39634">
            
        </div>
    
                                        </div>

                                        <!-- BEGIN CatalogEntryRatingsReviewsInfo.jspf --><!-- productAllowedRatingsAndReviews: true -->
    <div class="reviews">
        
            <a class="numberOfReviews" href="http://www.sainsburys.co.uk/shop/gb/groceries/fruit-flavoured/lucozade-energy-drink-orange-x6-380ml#reviews">
                <img src="http://c2.sainsburys.co.uk/wcsstore7.20.1.145/SainsburysStorefrontAssetStore/img/stars/rating-5_0.gif" alt="5.0" border="0">Â  
                Reviews (1)
            </a>
        
    </div>
<!-- END CatalogEntryRatingsReviewsInfo.jspf -->
                                   </div>
                               <!-- Start AddToSubscriptionList.jspf --><!-- Start AddToSubscriptionList.jsp --><!-- End AddToSubscriptionList.jsp --><!-- End AddToSubscriptionList.jspf -->     
                    </div>
                            
                    
                </div>     
            </div>
            <!--ThumbnailRestriction --><!-- END CatalogEntryThumbnailDisplay.jsp -->
	                            </div>
</li>
	                         

	                            <li class="gridItem" style="min-height: 406px;">
	                                <!-- BEGIN CatalogEntryThumbnailDisplay.jsp --><!-- BEGIN MerchandisingAssociationsDisplay.jsp --><!-- Start - JSP File Name:  MerchandisingAssociationsDisplay.jsp --><!-- END MerchandisingAssociationsDisplay.jsp -->
            <div class="product ">
                
                <div class="productInfo">
                    <div class="productNameAndPromotions">
                        
                                  <h3>
                                    <a href="http://www.sainsburys.co.uk/shop/gb/groceries/fruit-flavoured/sainsburys-lemonade-x4-2l">
                                        Sainsbury's Lemonade 4x2L
                                        <img src="http://c2.sainsburys.co.uk/wcsstore7.20.1.145/ExtendedSitesCatalogAssetStore/images/catalog/productImages/08/0000001201208/0000001201208_L.jpeg" alt=""></a>
                                </h3>
                              
                    </div> 
                </div>
                
                <div class="errorBanner hidden" id="error79783"></div>
                <div class="addToTrolleytabBox">   
                    <!--addToTrolleytabBox GRID VIEW --><!-- Start UserSubscribedOrNot.jspf --><!-- Start UserSubscribedOrNot.jsp --><!-- 
			If the user is not logged in, render this opening 
			DIV adding an addtional class to fix the border top which is removed 
			and replaced by the tabs
		-->
		<div class="addToTrolleytabContainer addItemBorderTop">
	<!-- End AddToSubscriptionList.jsp --><!-- End AddSubscriptionList.jspf --><!-- 
                    ATTENTION!!!
                    <div class="addToTrolleytabContainer">
                    This opening div is inside "../../ReusableObjects/UserSubscribedOrNot.jsp"
                    -->
                    <div class="pricingAndTrolleyOptions">
                    	
                                    <div class="priceTab priceTabContainer activeContainer addItem" id="addItem_79783">
                                       <div class="pricing">
                                           
	<p class="pricePerUnit">
    Â£2.45<abbr title="per">/</abbr><abbr title="unit"><span class="pricePerUnitUnit">unit</span></abbr>
</p>
 
    <p class="pricePerMeasure">Â£0.03<abbr title="per">/</abbr>100<abbr title="millilitre"><span class="pricePerMeasureMeasure">ml</span></abbr>
    </p>

                                       </div>                                      

                                     
                                        <div class="addToTrolleyForm "> 
                                           <!-- BEGIN AddToTrolley.jsp -->

		<form class="addToTrolleyForm" name="OrderItemAddForm_79783" action="OrderItemAdd" method="post" id="OrderItemAddForm_79783">
		    <input type="hidden" name="storeId" value="10151"><input type="hidden" name="langId" value="44"><input type="hidden" name="catalogId" value="10241"><input type="hidden" name="errorViewName" value="CategoryDisplayView"><input type="hidden" name="SKU_ID" value="1201208"><input type="hidden" name="itemType" value=""><label class="access" for="quantity_79782">Quantity</label>
		        
					<input name="quantity" id="quantity_79782" type="text" size="3" value="1" class="quantity"><input type="hidden" name="catEntryId" value="79783"><input type="hidden" name="productId" value="79782"><input type="hidden" name="URL" value="http://www.sainsburys.co.uk/webapp/wcs/stores/servlet/CategoryDisplay?msg=&amp;langId=44&amp;storeId=10151&amp;krypto=DCnawB4kF1P62vJKWOLl4bTQS8HvnyF3y8AtfXIJZn5ESwdXVzWXj9P3bxxViiVRGtM3Cs4oohJ1OwMiSdYs%2FHY2GfWoCOubKwB9oMlZWYtt2S95pi6owxfpfNkcRIBMQ8A0nci97P2SGzTzV6Fv7DT6ViLruLFXAHjC8cEa8C0%3D&amp;ddkey=http%3Agb%2Fgroceries%2Fdrinks%2Ffruit-flavoured"><input type="hidden" name="page" value=""><input type="hidden" name="contractId" value=""><input type="hidden" name="calculateOrder" value="1"><input type="hidden" name="calculationUsage" value="-1,-2,-3"><input type="hidden" name="updateable" value="1"><input type="hidden" name="merge" value="***"><input type="hidden" name="callAjax" value="false"><input class="button process" type="submit" name="Add" value="Add">
</form>
	<!-- END AddToTrolley.jsp -->
        <div class="numberInTrolley hidden numberInTrolley_79782" id="numberInTrolley_79782">
            
        </div>
    
                                        </div>

                                        <!-- BEGIN CatalogEntryRatingsReviewsInfo.jspf --><!-- productAllowedRatingsAndReviews: true -->
    <div class="reviews">
        
            <a class="numberOfReviews" href="http://www.sainsburys.co.uk/shop/gb/groceries/fruit-flavoured/sainsburys-lemonade-x4-2l#reviews">
                <img src="http://c2.sainsburys.co.uk/wcsstore7.20.1.145/SainsburysStorefrontAssetStore/img/stars/rating-1_6.gif" alt="1.6154" border="0">Â  
                Reviews (26)
            </a>
        
    </div>
<!-- END CatalogEntryRatingsReviewsInfo.jspf -->
                                   </div>
                               <!-- Start AddToSubscriptionList.jspf --><!-- Start AddToSubscriptionList.jsp --><!-- End AddToSubscriptionList.jsp --><!-- End AddToSubscriptionList.jspf -->     
                    </div>
                            
                    
                </div>     
            </div>
            <!--ThumbnailRestriction --><!-- END CatalogEntryThumbnailDisplay.jsp -->
	                            </div>
</li>
	                         

	                            <li class="gridItem" style="min-height: 520px;">
	                                <!-- BEGIN CatalogEntryThumbnailDisplay.jsp --><!-- BEGIN MerchandisingAssociationsDisplay.jsp --><!-- Start - JSP File Name:  MerchandisingAssociationsDisplay.jsp --><!-- END MerchandisingAssociationsDisplay.jsp -->
            <div class="product  straplineRow">
                
                <div class="productInfo">
                    <div class="productNameAndPromotions">
                        
                                  <h3>
                                    <a href="http://www.sainsburys.co.uk/shop/gb/groceries/fruit-flavoured/sainsburys-cloudy-lemonade-2l">
                                        Sainsbury's Cloudy Lemonade 2L
                                        <img src="http://c2.sainsburys.co.uk/wcsstore7.20.1.145/ExtendedSitesCatalogAssetStore/images/catalog/productImages/83/0000001327083/0000001327083_L.jpeg" alt=""></a>
                                </h3>
                              
                    </div> 
                </div>
                
                <div class="errorBanner hidden" id="error80097"></div>
                <div class="addToTrolleytabBox">   
                    <!--addToTrolleytabBox GRID VIEW --><!-- Start UserSubscribedOrNot.jspf --><!-- Start UserSubscribedOrNot.jsp --><!-- 
			If the user is not logged in, render this opening 
			DIV adding an addtional class to fix the border top which is removed 
			and replaced by the tabs
		-->
		<div class="addToTrolleytabContainer addItemBorderTop">
	<!-- End AddToSubscriptionList.jsp --><!-- End AddSubscriptionList.jspf --><!-- 
                    ATTENTION!!!
                    <div class="addToTrolleytabContainer">
                    This opening div is inside "../../ReusableObjects/UserSubscribedOrNot.jsp"
                    -->
                    <div class="pricingAndTrolleyOptions">
                    	
                                    <div class="priceTab priceTabContainer activeContainer addItem" id="addItem_80097">
                                       <div class="pricing">
                                           
	<p class="pricePerUnit">
    Â£0.65<abbr title="per">/</abbr><abbr title="unit"><span class="pricePerUnitUnit">unit</span></abbr>
</p>
 
    <p class="pricePerMeasure">Â£0.03<abbr title="per">/</abbr>100<abbr title="millilitre"><span class="pricePerMeasureMeasure">ml</span></abbr>
    </p>

                                       </div>                                      

                                     
                                        <div class="addToTrolleyForm "> 
                                           <!-- BEGIN AddToTrolley.jsp -->

		<form class="addToTrolleyForm" name="OrderItemAddForm_80097" action="OrderItemAdd" method="post" id="OrderItemAddForm_80097">
		    <input type="hidden" name="storeId" value="10151"><input type="hidden" name="langId" value="44"><input type="hidden" name="catalogId" value="10241"><input type="hidden" name="errorViewName" value="CategoryDisplayView"><input type="hidden" name="SKU_ID" value="1327083"><input type="hidden" name="itemType" value=""><label class="access" for="quantity_80096">Quantity</label>
		        
					<input name="quantity" id="quantity_80096" type="text" size="3" value="1" class="quantity"><input type="hidden" name="catEntryId" value="80097"><input type="hidden" name="productId" value="80096"><input type="hidden" name="URL" value="http://www.sainsburys.co.uk/webapp/wcs/stores/servlet/CategoryDisplay?msg=&amp;langId=44&amp;storeId=10151&amp;krypto=DCnawB4kF1P62vJKWOLl4bTQS8HvnyF3y8AtfXIJZn5ESwdXVzWXj9P3bxxViiVRGtM3Cs4oohJ1OwMiSdYs%2FHY2GfWoCOubKwB9oMlZWYtt2S95pi6owxfpfNkcRIBMQ8A0nci97P2SGzTzV6Fv7DT6ViLruLFXAHjC8cEa8C0%3D&amp;ddkey=http%3Agb%2Fgroceries%2Fdrinks%2Ffruit-flavoured"><input type="hidden" name="page" value=""><input type="hidden" name="contractId" value=""><input type="hidden" name="calculateOrder" value="1"><input type="hidden" name="calculationUsage" value="-1,-2,-3"><input type="hidden" name="updateable" value="1"><input type="hidden" name="merge" value="***"><input type="hidden" name="callAjax" value="false"><input class="button process" type="submit" name="Add" value="Add">
</form>
	<!-- END AddToTrolley.jsp -->
        <div class="numberInTrolley hidden numberInTrolley_80096" id="numberInTrolley_80096">
            
        </div>
    
                                        </div>

                                        <!-- BEGIN CatalogEntryRatingsReviewsInfo.jspf --><!-- productAllowedRatingsAndReviews: true -->
    <div class="reviews">
        
            <a class="numberOfReviews" href="http://www.sainsburys.co.uk/shop/gb/groceries/fruit-flavoured/sainsburys-cloudy-lemonade-2l#reviews">
                <img src="http://c2.sainsburys.co.uk/wcsstore7.20.1.145/SainsburysStorefrontAssetStore/img/stars/rating-4_4.gif" alt="4.4286" border="0">Â  
                Reviews (7)
            </a>
        
    </div>
<!-- END CatalogEntryRatingsReviewsInfo.jspf -->
                                   </div>
                               <!-- Start AddToSubscriptionList.jspf --><!-- Start AddToSubscriptionList.jsp --><!-- End AddToSubscriptionList.jsp --><!-- End AddToSubscriptionList.jspf -->     
                    </div>
                            
                    
    
    <div class="badges">
        <ul>
<li>

                        
                        
                        <img src="/wcsstore7.20.1.145/SainsburysStorefrontAssetStore/wcassets/icons/ico_spacer.gif" alt="Vegetarian">
</li>
                
                    
                    
                    
                     <li class="lastchild">

                        
                        
                        <img src="/wcsstore7.20.1.145/SainsburysStorefrontAssetStore/wcassets/icons/ico_spacer.gif" alt="Vegan">
</li>
                
        </ul>
</div>

                </div>     
            </div>
            <!--ThumbnailRestriction --><!-- END CatalogEntryThumbnailDisplay.jsp -->
	                            </div>
</li>
	                         

	                            <li class="gridItem" style="min-height: 520px;">
	                                <!-- BEGIN CatalogEntryThumbnailDisplay.jsp --><!-- BEGIN MerchandisingAssociationsDisplay.jsp --><!-- Start - JSP File Name:  MerchandisingAssociationsDisplay.jsp --><!-- END MerchandisingAssociationsDisplay.jsp -->
            <div class="product  highlighted specialOffer straplineRow">
                
                <div class="productInfo">
                    <div class="productNameAndPromotions">
                        
                                  <h3>
                                    <a href="http://www.sainsburys.co.uk/shop/gb/groceries/fruit-flavoured/fanta-orange-sparkling-drink-2l">
                                        Fanta Orange Sparkling Drink 2L
                                        <img src="http://c2.sainsburys.co.uk/wcsstore7.20.1.145/ExtendedSitesCatalogAssetStore/images/catalog/productImages/40/5449000004840/5449000004840_L.jpeg" alt=""></a>
                                </h3>
                              
    <div class="promotion">
                   
		            <p><a href="http://www.sainsburys.co.uk/shop/PromotionDisplayView?catalogId=10241&amp;langId=44&amp;productId=82038&amp;storeId=10151&amp;promotionId=10232863"><!-- BEGIN include/PromotionStrapline.jspf -->Only Â£1.00: Save 60p<br><!-- FINISH include/PromotionStrapline.jspf --></a></p>
		                        
    </div>

                    </div> 
                </div>
                
        <div class="strapline"><a href="http://www.sainsburys.co.uk/shop/PromotionDisplayView?catalogId=10241&amp;langId=44&amp;productId=82038&amp;storeId=10151&amp;promotionId=10232863"><img src="/wcsstore7.20.1.145/SainsburysStorefrontAssetStore/wcassets/icons/special/img-special-offer.png" alt="Special Offer"></a></div>
    
                <div class="errorBanner hidden" id="error82039"></div>
                <div class="addToTrolleytabBox">   
                    <!--addToTrolleytabBox GRID VIEW --><!-- Start UserSubscribedOrNot.jspf --><!-- Start UserSubscribedOrNot.jsp --><!-- 
			If the user is not logged in, render this opening 
			DIV adding an addtional class to fix the border top which is removed 
			and replaced by the tabs
		-->
		<div class="addToTrolleytabContainer addItemBorderTop">
	<!-- End AddToSubscriptionList.jsp --><!-- End AddSubscriptionList.jspf --><!-- 
                    ATTENTION!!!
                    <div class="addToTrolleytabContainer">
                    This opening div is inside "../../ReusableObjects/UserSubscribedOrNot.jsp"
                    -->
                    <div class="pricingAndTrolleyOptions">
                    	
                                    <div class="priceTab priceTabContainer activeContainer addItem" id="addItem_82039">
                                       <div class="pricing">
                                           
	<p class="pricePerUnit">
    Â£1.00<abbr title="per">/</abbr><abbr title="unit"><span class="pricePerUnitUnit">unit</span></abbr>
</p>
 
    <p class="pricePerMeasure">Â£0.05<abbr title="per">/</abbr>100<abbr title="millilitre"><span class="pricePerMeasureMeasure">ml</span></abbr>
    </p>

                                       </div>                                      

                                     
                                        <div class="addToTrolleyForm "> 
                                           <!-- BEGIN AddToTrolley.jsp -->

		<form class="addToTrolleyForm" name="OrderItemAddForm_82039" action="OrderItemAdd" method="post" id="OrderItemAddForm_82039">
		    <input type="hidden" name="storeId" value="10151"><input type="hidden" name="langId" value="44"><input type="hidden" name="catalogId" value="10241"><input type="hidden" name="errorViewName" value="CategoryDisplayView"><input type="hidden" name="SKU_ID" value="2900728"><input type="hidden" name="itemType" value=""><label class="access" for="quantity_82038">Quantity</label>
		        
					<input name="quantity" id="quantity_82038" type="text" size="3" value="1" class="quantity"><input type="hidden" name="catEntryId" value="82039"><input type="hidden" name="productId" value="82038"><input type="hidden" name="URL" value="http://www.sainsburys.co.uk/webapp/wcs/stores/servlet/CategoryDisplay?msg=&amp;langId=44&amp;storeId=10151&amp;krypto=DCnawB4kF1P62vJKWOLl4bTQS8HvnyF3y8AtfXIJZn5ESwdXVzWXj9P3bxxViiVRGtM3Cs4oohJ1OwMiSdYs%2FHY2GfWoCOubKwB9oMlZWYtt2S95pi6owxfpfNkcRIBMQ8A0nci97P2SGzTzV6Fv7DT6ViLruLFXAHjC8cEa8C0%3D&amp;ddkey=http%3Agb%2Fgroceries%2Fdrinks%2Ffruit-flavoured"><input type="hidden" name="page" value=""><input type="hidden" name="contractId" value=""><input type="hidden" name="calculateOrder" value="1"><input type="hidden" name="calculationUsage" value="-1,-2,-3"><input type="hidden" name="updateable" value="1"><input type="hidden" name="merge" value="***"><input type="hidden" name="callAjax" value="false"><input class="button process" type="submit" name="Add" value="Add">
</form>
	<!-- END AddToTrolley.jsp -->
        <div class="numberInTrolley hidden numberInTrolley_82038" id="numberInTrolley_82038">
            
        </div>
    
                                        </div>

                                        <!-- BEGIN CatalogEntryRatingsReviewsInfo.jspf --><!-- productAllowedRatingsAndReviews: true -->
    <div class="reviews">
        
	        <a class="numberOfReviews repressive" href="http://reviews.sainsburys.co.uk//8076-en_gb/2900728-P/writereview.htm?submissionurl=http%3A%2F%2Fwww.sainsburys.co.uk%2Fwebapp%2Fwcs%2Fstores%2Fservlet%2FBVReviewSubmitDisplay%3FcatalogId%3D10241%26storeId%3D10151%26recipe%3D%26langId%3D44%26productId%3D2900728-P&amp;return=http%3A%2F%2Fwww.sainsburys.co.uk%2Fshop%2FCategoryDisplay%3FpageSize%3D30%26catalogId%3D10241%26level%3D2%26top_category%3D12192%26parent_category_rn%3D12192%26langId%3D44%26categoryId%3D12392%26beginIndex%3D0%26storeId%3D10151">
	    Write a review
          	</a>
        
    </div>
<!-- END CatalogEntryRatingsReviewsInfo.jspf -->
                                   </div>
                               <!-- Start AddToSubscriptionList.jspf --><!-- Start AddToSubscriptionList.jsp --><!-- End AddToSubscriptionList.jsp --><!-- End AddToSubscriptionList.jspf -->     
                    </div>
                            
                    
                </div>     
            </div>
            <!--ThumbnailRestriction --><!-- END CatalogEntryThumbnailDisplay.jsp -->
	                            </div>
</li>
	                         

	                            <li class="gridItem" style="min-height: 520px;">
	                                <!-- BEGIN CatalogEntryThumbnailDisplay.jsp --><!-- BEGIN MerchandisingAssociationsDisplay.jsp --><!-- Start - JSP File Name:  MerchandisingAssociationsDisplay.jsp --><!-- END MerchandisingAssociationsDisplay.jsp -->
            <div class="product  straplineRow">
                
                <div class="productInfo">
                    <div class="productNameAndPromotions">
                        
                                  <h3>
                                    <a href="http://www.sainsburys.co.uk/shop/gb/groceries/fruit-flavoured/san-pellegrino-lemon-6x330ml">
                                        San Pellegrino Limonata, Italian Sparkling Lemon 6x330ml
                                        <img src="http://c2.sainsburys.co.uk/wcsstore7.20.1.145/ExtendedSitesCatalogAssetStore/images/catalog/productImages/27/8002270146527/8002270146527_L.jpeg" alt=""></a>
                                </h3>
                              
                    </div> 
                </div>
                
                <div class="errorBanner hidden" id="error100017"></div>
                <div class="addToTrolleytabBox">   
                    <!--addToTrolleytabBox GRID VIEW --><!-- Start UserSubscribedOrNot.jspf --><!-- Start UserSubscribedOrNot.jsp --><!-- 
			If the user is not logged in, render this opening 
			DIV adding an addtional class to fix the border top which is removed 
			and replaced by the tabs
		-->
		<div class="addToTrolleytabContainer addItemBorderTop">
	<!-- End AddToSubscriptionList.jsp --><!-- End AddSubscriptionList.jspf --><!-- 
                    ATTENTION!!!
                    <div class="addToTrolleytabContainer">
                    This opening div is inside "../../ReusableObjects/UserSubscribedOrNot.jsp"
                    -->
                    <div class="pricingAndTrolleyOptions">
                    	
                                    <div class="priceTab priceTabContainer activeContainer addItem" id="addItem_100017">
                                       <div class="pricing">
                                           
	<p class="pricePerUnit">
    Â£4.40<abbr title="per">/</abbr><abbr title="unit"><span class="pricePerUnitUnit">unit</span></abbr>
</p>
 
    <p class="pricePerMeasure">Â£0.22<abbr title="per">/</abbr>100<abbr title="millilitre"><span class="pricePerMeasureMeasure">ml</span></abbr>
    </p>

                                       </div>                                      

                                     
                                        <div class="addToTrolleyForm "> 
                                           <!-- BEGIN AddToTrolley.jsp -->

		<form class="addToTrolleyForm" name="OrderItemAddForm_100017" action="OrderItemAdd" method="post" id="OrderItemAddForm_100017">
		    <input type="hidden" name="storeId" value="10151"><input type="hidden" name="langId" value="44"><input type="hidden" name="catalogId" value="10241"><input type="hidden" name="errorViewName" value="CategoryDisplayView"><input type="hidden" name="SKU_ID" value="7471564"><input type="hidden" name="itemType" value=""><label class="access" for="quantity_100016">Quantity</label>
		        
					<input name="quantity" id="quantity_100016" type="text" size="3" value="1" class="quantity"><input type="hidden" name="catEntryId" value="100017"><input type="hidden" name="productId" value="100016"><input type="hidden" name="URL" value="http://www.sainsburys.co.uk/webapp/wcs/stores/servlet/CategoryDisplay?msg=&amp;langId=44&amp;storeId=10151&amp;krypto=DCnawB4kF1P62vJKWOLl4bTQS8HvnyF3y8AtfXIJZn5ESwdXVzWXj9P3bxxViiVRGtM3Cs4oohJ1OwMiSdYs%2FHY2GfWoCOubKwB9oMlZWYtt2S95pi6owxfpfNkcRIBMQ8A0nci97P2SGzTzV6Fv7DT6ViLruLFXAHjC8cEa8C0%3D&amp;ddkey=http%3Agb%2Fgroceries%2Fdrinks%2Ffruit-flavoured"><input type="hidden" name="page" value=""><input type="hidden" name="contractId" value=""><input type="hidden" name="calculateOrder" value="1"><input type="hidden" name="calculationUsage" value="-1,-2,-3"><input type="hidden" name="updateable" value="1"><input type="hidden" name="merge" value="***"><input type="hidden" name="callAjax" value="false"><input class="button process" type="submit" name="Add" value="Add">
</form>
	<!-- END AddToTrolley.jsp -->
        <div class="numberInTrolley hidden numberInTrolley_100016" id="numberInTrolley_100016">
            
        </div>
    
                                        </div>

                                        <!-- BEGIN CatalogEntryRatingsReviewsInfo.jspf --><!-- productAllowedRatingsAndReviews: true -->
    <div class="reviews">
        
            <a class="numberOfReviews" href="http://www.sainsburys.co.uk/shop/gb/groceries/fruit-flavoured/san-pellegrino-lemon-6x330ml#reviews">
                <img src="http://c2.sainsburys.co.uk/wcsstore7.20.1.145/SainsburysStorefrontAssetStore/img/stars/rating-4_6.gif" alt="4.625" border="0">Â  
                Reviews (8)
            </a>
        
    </div>
<!-- END CatalogEntryRatingsReviewsInfo.jspf -->
                                   </div>
                               <!-- Start AddToSubscriptionList.jspf --><!-- Start AddToSubscriptionList.jsp --><!-- End AddToSubscriptionList.jsp --><!-- End AddToSubscriptionList.jspf -->     
                    </div>
                            
                    
                </div>     
            </div>
            <!--ThumbnailRestriction --><!-- END CatalogEntryThumbnailDisplay.jsp -->
	                            </div>
</li>
	                         

	                            <li class="gridItem" style="min-height: 519px;">
	                                <!-- BEGIN CatalogEntryThumbnailDisplay.jsp --><!-- BEGIN MerchandisingAssociationsDisplay.jsp --><!-- Start - JSP File Name:  MerchandisingAssociationsDisplay.jsp --><!-- END MerchandisingAssociationsDisplay.jsp -->
            <div class="product  straplineRow">
                
                <div class="productInfo">
                    <div class="productNameAndPromotions">
                        
                                  <h3>
                                    <a href="http://www.sainsburys.co.uk/shop/gb/groceries/fruit-flavoured/7up-2l">
                                        7UP 2L
                                        <img src="http://c2.sainsburys.co.uk/wcsstore7.20.1.145/ExtendedSitesCatalogAssetStore/images/catalog/productImages/23/8717700001023/8717700001023_L.jpeg" alt=""></a>
                                </h3>
                              
                    </div> 
                </div>
                
                <div class="errorBanner hidden" id="error80529"></div>
                <div class="addToTrolleytabBox">   
                    <!--addToTrolleytabBox GRID VIEW --><!-- Start UserSubscribedOrNot.jspf --><!-- Start UserSubscribedOrNot.jsp --><!-- 
			If the user is not logged in, render this opening 
			DIV adding an addtional class to fix the border top which is removed 
			and replaced by the tabs
		-->
		<div class="addToTrolleytabContainer addItemBorderTop">
	<!-- End AddToSubscriptionList.jsp --><!-- End AddSubscriptionList.jspf --><!-- 
                    ATTENTION!!!
                    <div class="addToTrolleytabContainer">
                    This opening div is inside "../../ReusableObjects/UserSubscribedOrNot.jsp"
                    -->
                    <div class="pricingAndTrolleyOptions">
                    	
                                    <div class="priceTab priceTabContainer activeContainer addItem" id="addItem_80529">
                                       <div class="pricing">
                                           
	<p class="pricePerUnit">
    Â£1.30<abbr title="per">/</abbr><abbr title="unit"><span class="pricePerUnitUnit">unit</span></abbr>
</p>
 
    <p class="pricePerMeasure">Â£0.07<abbr title="per">/</abbr>100<abbr title="millilitre"><span class="pricePerMeasureMeasure">ml</span></abbr>
    </p>

                                       </div>                                      

                                     
                                        <div class="addToTrolleyForm "> 
                                           <!-- BEGIN AddToTrolley.jsp -->

		<form class="addToTrolleyForm" name="OrderItemAddForm_80529" action="OrderItemAdd" method="post" id="OrderItemAddForm_80529">
		    <input type="hidden" name="storeId" value="10151"><input type="hidden" name="langId" value="44"><input type="hidden" name="catalogId" value="10241"><input type="hidden" name="errorViewName" value="CategoryDisplayView"><input type="hidden" name="SKU_ID" value="2001302"><input type="hidden" name="itemType" value=""><label class="access" for="quantity_80528">Quantity</label>
		        
					<input name="quantity" id="quantity_80528" type="text" size="3" value="1" class="quantity"><input type="hidden" name="catEntryId" value="80529"><input type="hidden" name="productId" value="80528"><input type="hidden" name="URL" value="http://www.sainsburys.co.uk/webapp/wcs/stores/servlet/CategoryDisplay?msg=&amp;langId=44&amp;storeId=10151&amp;krypto=DCnawB4kF1P62vJKWOLl4bTQS8HvnyF3y8AtfXIJZn5ESwdXVzWXj9P3bxxViiVRGtM3Cs4oohJ1OwMiSdYs%2FHY2GfWoCOubKwB9oMlZWYtt2S95pi6owxfpfNkcRIBMQ8A0nci97P2SGzTzV6Fv7DT6ViLruLFXAHjC8cEa8C0%3D&amp;ddkey=http%3Agb%2Fgroceries%2Fdrinks%2Ffruit-flavoured"><input type="hidden" name="page" value=""><input type="hidden" name="contractId" value=""><input type="hidden" name="calculateOrder" value="1"><input type="hidden" name="calculationUsage" value="-1,-2,-3"><input type="hidden" name="updateable" value="1"><input type="hidden" name="merge" value="***"><input type="hidden" name="callAjax" value="false"><input class="button process" type="submit" name="Add" value="Add">
</form>
	<!-- END AddToTrolley.jsp -->
        <div class="numberInTrolley hidden numberInTrolley_80528" id="numberInTrolley_80528">
            
        </div>
    
                                        </div>

                                        <!-- BEGIN CatalogEntryRatingsReviewsInfo.jspf --><!-- productAllowedRatingsAndReviews: true -->
    <div class="reviews">
        
	        <a class="numberOfReviews repressive" href="http://reviews.sainsburys.co.uk//8076-en_gb/2001302-P/writereview.htm?submissionurl=http%3A%2F%2Fwww.sainsburys.co.uk%2Fwebapp%2Fwcs%2Fstores%2Fservlet%2FBVReviewSubmitDisplay%3FcatalogId%3D10241%26storeId%3D10151%26recipe%3D%26langId%3D44%26productId%3D2001302-P&amp;return=http%3A%2F%2Fwww.sainsburys.co.uk%2Fshop%2FCategoryDisplay%3FpageSize%3D30%26catalogId%3D10241%26level%3D2%26top_category%3D12192%26parent_category_rn%3D12192%26langId%3D44%26categoryId%3D12392%26beginIndex%3D0%26storeId%3D10151">
	    Write a review
          	</a>
        
    </div>
<!-- END CatalogEntryRatingsReviewsInfo.jspf -->
                                   </div>
                               <!-- Start AddToSubscriptionList.jspf --><!-- Start AddToSubscriptionList.jsp --><!-- End AddToSubscriptionList.jsp --><!-- End AddToSubscriptionList.jspf -->     
                    </div>
                            
                    
                </div>     
            </div>
            <!--ThumbnailRestriction --><!-- END CatalogEntryThumbnailDisplay.jsp -->
	                            </div>
</li>
	                         

	                            <li class="gridItem" style="min-height: 519px;">
	                                <!-- BEGIN CatalogEntryThumbnailDisplay.jsp --><!-- BEGIN MerchandisingAssociationsDisplay.jsp --><!-- Start - JSP File Name:  MerchandisingAssociationsDisplay.jsp --><!-- END MerchandisingAssociationsDisplay.jsp -->
            <div class="product  straplineRow">
                
                <div class="productInfo">
                    <div class="productNameAndPromotions">
                        
                                  <h3>
                                    <a href="http://www.sainsburys.co.uk/shop/gb/groceries/fruit-flavoured/sainsburys-diet-lemonade-6x330ml">
                                        Sainsbury's Diet Lemonade 6x330ml
                                        <img src="http://c2.sainsburys.co.uk/wcsstore7.20.1.145/ExtendedSitesCatalogAssetStore/images/catalog/productImages/24/0000001828924/0000001828924_L.jpeg" alt=""></a>
                                </h3>
                              
                    </div> 
                </div>
                
                <div class="errorBanner hidden" id="error103517"></div>
                <div class="addToTrolleytabBox">   
                    <!--addToTrolleytabBox GRID VIEW --><!-- Start UserSubscribedOrNot.jspf --><!-- Start UserSubscribedOrNot.jsp --><!-- 
			If the user is not logged in, render this opening 
			DIV adding an addtional class to fix the border top which is removed 
			and replaced by the tabs
		-->
		<div class="addToTrolleytabContainer addItemBorderTop">
	<!-- End AddToSubscriptionList.jsp --><!-- End AddSubscriptionList.jspf --><!-- 
                    ATTENTION!!!
                    <div class="addToTrolleytabContainer">
                    This opening div is inside "../../ReusableObjects/UserSubscribedOrNot.jsp"
                    -->
                    <div class="pricingAndTrolleyOptions">
                    	
                                    <div class="priceTab priceTabContainer activeContainer addItem" id="addItem_103517">
                                       <div class="pricing">
                                           
	<p class="pricePerUnit">
    Â£1.60<abbr title="per">/</abbr><abbr title="unit"><span class="pricePerUnitUnit">unit</span></abbr>
</p>
 
    <p class="pricePerMeasure">Â£0.08<abbr title="per">/</abbr>100<abbr title="millilitre"><span class="pricePerMeasureMeasure">ml</span></abbr>
    </p>

                                       </div>                                      

                                     
                                        <div class="addToTrolleyForm "> 
                                           <!-- BEGIN AddToTrolley.jsp -->

		<form class="addToTrolleyForm" name="OrderItemAddForm_103517" action="OrderItemAdd" method="post" id="OrderItemAddForm_103517">
		    <input type="hidden" name="storeId" value="10151"><input type="hidden" name="langId" value="44"><input type="hidden" name="catalogId" value="10241"><input type="hidden" name="errorViewName" value="CategoryDisplayView"><input type="hidden" name="SKU_ID" value="7547066"><input type="hidden" name="itemType" value=""><label class="access" for="quantity_103516">Quantity</label>
		        
					<input name="quantity" id="quantity_103516" type="text" size="3" value="1" class="quantity"><input type="hidden" name="catEntryId" value="103517"><input type="hidden" name="productId" value="103516"><input type="hidden" name="URL" value="http://www.sainsburys.co.uk/webapp/wcs/stores/servlet/CategoryDisplay?msg=&amp;langId=44&amp;storeId=10151&amp;krypto=DCnawB4kF1P62vJKWOLl4bTQS8HvnyF3y8AtfXIJZn5ESwdXVzWXj9P3bxxViiVRGtM3Cs4oohJ1OwMiSdYs%2FHY2GfWoCOubKwB9oMlZWYtt2S95pi6owxfpfNkcRIBMQ8A0nci97P2SGzTzV6Fv7DT6ViLruLFXAHjC8cEa8C0%3D&amp;ddkey=http%3Agb%2Fgroceries%2Fdrinks%2Ffruit-flavoured"><input type="hidden" name="page" value=""><input type="hidden" name="contractId" value=""><input type="hidden" name="calculateOrder" value="1"><input type="hidden" name="calculationUsage" value="-1,-2,-3"><input type="hidden" name="updateable" value="1"><input type="hidden" name="merge" value="***"><input type="hidden" name="callAjax" value="false"><input class="button process" type="submit" name="Add" value="Add">
</form>
	<!-- END AddToTrolley.jsp -->
        <div class="numberInTrolley hidden numberInTrolley_103516" id="numberInTrolley_103516">
            
        </div>
    
                                        </div>

                                        <!-- BEGIN CatalogEntryRatingsReviewsInfo.jspf --><!-- productAllowedRatingsAndReviews: true -->
    <div class="reviews">
        
            <a class="numberOfReviews" href="http://www.sainsburys.co.uk/shop/gb/groceries/fruit-flavoured/sainsburys-diet-lemonade-6x330ml#reviews">
                <img src="http://c2.sainsburys.co.uk/wcsstore7.20.1.145/SainsburysStorefrontAssetStore/img/stars/rating-5_0.gif" alt="5.0" border="0">Â  
                Reviews (2)
            </a>
        
    </div>
<!-- END CatalogEntryRatingsReviewsInfo.jspf -->
                                   </div>
                               <!-- Start AddToSubscriptionList.jspf --><!-- Start AddToSubscriptionList.jsp --><!-- End AddToSubscriptionList.jsp --><!-- End AddToSubscriptionList.jspf -->     
                    </div>
                            
                    
                </div>     
            </div>
            <!--ThumbnailRestriction --><!-- END CatalogEntryThumbnailDisplay.jsp -->
	                            </div>
</li>
	                         

	                            <li class="gridItem" style="min-height: 519px;">
	                                <!-- BEGIN CatalogEntryThumbnailDisplay.jsp --><!-- BEGIN MerchandisingAssociationsDisplay.jsp --><!-- Start - JSP File Name:  MerchandisingAssociationsDisplay.jsp --><!-- END MerchandisingAssociationsDisplay.jsp -->
            <div class="product  highlighted specialOffer straplineRow">
                
                <div class="productInfo">
                    <div class="productNameAndPromotions">
                        
                                  <h3>
                                    <a href="http://www.sainsburys.co.uk/shop/gb/groceries/fruit-flavoured/sainsburys-classic-lemonade-2l">
                                        Sainsbury's Classic Lemonade 2L
                                        <img src="http://c2.sainsburys.co.uk/wcsstore7.20.1.145/ExtendedSitesCatalogAssetStore/images/catalog/productImages/31/0000001652031/0000001652031_L.jpeg" alt=""></a>
                                </h3>
                              
    <div class="promotion">
                   
		            <p><a href="http://www.sainsburys.co.uk/shop/PromotionDisplayView?catalogId=10241&amp;langId=44&amp;productId=94742&amp;storeId=10151&amp;promotionId=10230304"><!-- BEGIN include/PromotionStrapline.jspf -->Only 90p: Save 20p<br><!-- FINISH include/PromotionStrapline.jspf --></a></p>
		                        
    </div>

                    </div> 
                </div>
                
        <div class="strapline"><a href="http://www.sainsburys.co.uk/shop/PromotionDisplayView?catalogId=10241&amp;langId=44&amp;productId=94742&amp;storeId=10151&amp;promotionId=10230304"><img src="/wcsstore7.20.1.145/SainsburysStorefrontAssetStore/wcassets/icons/special/img-special-offer.png" alt="Special Offer"></a></div>
    
                <div class="errorBanner hidden" id="error94743"></div>
                <div class="addToTrolleytabBox">   
                    <!--addToTrolleytabBox GRID VIEW --><!-- Start UserSubscribedOrNot.jspf --><!-- Start UserSubscribedOrNot.jsp --><!-- 
			If the user is not logged in, render this opening 
			DIV adding an addtional class to fix the border top which is removed 
			and replaced by the tabs
		-->
		<div class="addToTrolleytabContainer addItemBorderTop">
	<!-- End AddToSubscriptionList.jsp --><!-- End AddSubscriptionList.jspf --><!-- 
                    ATTENTION!!!
                    <div class="addToTrolleytabContainer">
                    This opening div is inside "../../ReusableObjects/UserSubscribedOrNot.jsp"
                    -->
                    <div class="pricingAndTrolleyOptions">
                    	
                                    <div class="priceTab priceTabContainer activeContainer addItem" id="addItem_94743">
                                       <div class="pricing">
                                           
	<p class="pricePerUnit">
    Â£0.90<abbr title="per">/</abbr><abbr title="unit"><span class="pricePerUnitUnit">unit</span></abbr>
</p>
 
    <p class="pricePerMeasure">Â£0.05<abbr title="per">/</abbr>100<abbr title="millilitre"><span class="pricePerMeasureMeasure">ml</span></abbr>
    </p>

                                       </div>                                      

                                     
                                        <div class="addToTrolleyForm "> 
                                           <!-- BEGIN AddToTrolley.jsp -->

		<form class="addToTrolleyForm" name="OrderItemAddForm_94743" action="OrderItemAdd" method="post" id="OrderItemAddForm_94743">
		    <input type="hidden" name="storeId" value="10151"><input type="hidden" name="langId" value="44"><input type="hidden" name="catalogId" value="10241"><input type="hidden" name="errorViewName" value="CategoryDisplayView"><input type="hidden" name="SKU_ID" value="7004600"><input type="hidden" name="itemType" value=""><label class="access" for="quantity_94742">Quantity</label>
		        
					<input name="quantity" id="quantity_94742" type="text" size="3" value="1" class="quantity"><input type="hidden" name="catEntryId" value="94743"><input type="hidden" name="productId" value="94742"><input type="hidden" name="URL" value="http://www.sainsburys.co.uk/webapp/wcs/stores/servlet/CategoryDisplay?msg=&amp;langId=44&amp;storeId=10151&amp;krypto=DCnawB4kF1P62vJKWOLl4bTQS8HvnyF3y8AtfXIJZn5ESwdXVzWXj9P3bxxViiVRGtM3Cs4oohJ1OwMiSdYs%2FHY2GfWoCOubKwB9oMlZWYtt2S95pi6owxfpfNkcRIBMQ8A0nci97P2SGzTzV6Fv7DT6ViLruLFXAHjC8cEa8C0%3D&amp;ddkey=http%3Agb%2Fgroceries%2Fdrinks%2Ffruit-flavoured"><input type="hidden" name="page" value=""><input type="hidden" name="contractId" value=""><input type="hidden" name="calculateOrder" value="1"><input type="hidden" name="calculationUsage" value="-1,-2,-3"><input type="hidden" name="updateable" value="1"><input type="hidden" name="merge" value="***"><input type="hidden" name="callAjax" value="false"><input class="button process" type="submit" name="Add" value="Add">
</form>
	<!-- END AddToTrolley.jsp -->
        <div class="numberInTrolley hidden numberInTrolley_94742" id="numberInTrolley_94742">
            
        </div>
    
                                        </div>

                                        <!-- BEGIN CatalogEntryRatingsReviewsInfo.jspf --><!-- productAllowedRatingsAndReviews: true -->
    <div class="reviews">
        
            <a class="numberOfReviews" href="http://www.sainsburys.co.uk/shop/gb/groceries/fruit-flavoured/sainsburys-classic-lemonade-2l#reviews">
                <img src="http://c2.sainsburys.co.uk/wcsstore7.20.1.145/SainsburysStorefrontAssetStore/img/stars/rating-5_0.gif" alt="5.0" border="0">Â  
                Reviews (5)
            </a>
        
    </div>
<!-- END CatalogEntryRatingsReviewsInfo.jspf -->
                                   </div>
                               <!-- Start AddToSubscriptionList.jspf --><!-- Start AddToSubscriptionList.jsp --><!-- End AddToSubscriptionList.jsp --><!-- End AddToSubscriptionList.jspf -->     
                    </div>
                            
                    
    
    <div class="badges">
        <ul>
<li>

                        
                        
                        <img src="/wcsstore7.20.1.145/SainsburysStorefrontAssetStore/wcassets/icons/ico_spacer.gif" alt="Vegetarian">
</li>
                
                    
                    
                    
                     <li class="lastchild">

                        
                        
                        <img src="/wcsstore7.20.1.145/SainsburysStorefrontAssetStore/wcassets/icons/ico_spacer.gif" alt="Vegan">
</li>
                
        </ul>
</div>

                </div>     
            </div>
            <!--ThumbnailRestriction --><!-- END CatalogEntryThumbnailDisplay.jsp -->
	                            </div>
</li>
	                         

	                            <li class="gridItem" style="min-height: 520px;">
	                                <!-- BEGIN CatalogEntryThumbnailDisplay.jsp --><!-- BEGIN MerchandisingAssociationsDisplay.jsp --><!-- Start - JSP File Name:  MerchandisingAssociationsDisplay.jsp --><!-- END MerchandisingAssociationsDisplay.jsp -->
            <div class="product  straplineRow">
                
                <div class="productInfo">
                    <div class="productNameAndPromotions">
                        
                                  <h3>
                                    <a href="http://www.sainsburys.co.uk/shop/gb/groceries/fruit-flavoured/sainsburys-diet-lemon---lime--no-added-sugar-2l">
                                        Sainsbury's Diet Lemon &amp; Lime, No Added Sugar 2L
                                        <img src="http://c2.sainsburys.co.uk/wcsstore7.20.1.145/ExtendedSitesCatalogAssetStore/images/catalog/productImages/86/0000001784886/0000001784886_L.jpeg" alt=""></a>
                                </h3>
                              
                    </div> 
                </div>
                
                <div class="errorBanner hidden" id="error91701"></div>
                <div class="addToTrolleytabBox">   
                    <!--addToTrolleytabBox GRID VIEW --><!-- Start UserSubscribedOrNot.jspf --><!-- Start UserSubscribedOrNot.jsp --><!-- 
			If the user is not logged in, render this opening 
			DIV adding an addtional class to fix the border top which is removed 
			and replaced by the tabs
		-->
		<div class="addToTrolleytabContainer addItemBorderTop">
	<!-- End AddToSubscriptionList.jsp --><!-- End AddSubscriptionList.jspf --><!-- 
                    ATTENTION!!!
                    <div class="addToTrolleytabContainer">
                    This opening div is inside "../../ReusableObjects/UserSubscribedOrNot.jsp"
                    -->
                    <div class="pricingAndTrolleyOptions">
                    	
                                    <div class="priceTab priceTabContainer activeContainer addItem" id="addItem_91701">
                                       <div class="pricing">
                                           
	<p class="pricePerUnit">
    Â£0.65<abbr title="per">/</abbr><abbr title="unit"><span class="pricePerUnitUnit">unit</span></abbr>
</p>
 
    <p class="pricePerMeasure">Â£0.03<abbr title="per">/</abbr>100<abbr title="millilitre"><span class="pricePerMeasureMeasure">ml</span></abbr>
    </p>

                                       </div>                                      

                                     
                                        <div class="addToTrolleyForm "> 
                                           <!-- BEGIN AddToTrolley.jsp -->

		<form class="addToTrolleyForm" name="OrderItemAddForm_91701" action="OrderItemAdd" method="post" id="OrderItemAddForm_91701">
		    <input type="hidden" name="storeId" value="10151"><input type="hidden" name="langId" value="44"><input type="hidden" name="catalogId" value="10241"><input type="hidden" name="errorViewName" value="CategoryDisplayView"><input type="hidden" name="SKU_ID" value="6595722"><input type="hidden" name="itemType" value=""><label class="access" for="quantity_91700">Quantity</label>
		        
					<input name="quantity" id="quantity_91700" type="text" size="3" value="1" class="quantity"><input type="hidden" name="catEntryId" value="91701"><input type="hidden" name="productId" value="91700"><input type="hidden" name="URL" value="http://www.sainsburys.co.uk/webapp/wcs/stores/servlet/CategoryDisplay?msg=&amp;langId=44&amp;storeId=10151&amp;krypto=DCnawB4kF1P62vJKWOLl4bTQS8HvnyF3y8AtfXIJZn5ESwdXVzWXj9P3bxxViiVRGtM3Cs4oohJ1OwMiSdYs%2FHY2GfWoCOubKwB9oMlZWYtt2S95pi6owxfpfNkcRIBMQ8A0nci97P2SGzTzV6Fv7DT6ViLruLFXAHjC8cEa8C0%3D&amp;ddkey=http%3Agb%2Fgroceries%2Fdrinks%2Ffruit-flavoured"><input type="hidden" name="page" value=""><input type="hidden" name="contractId" value=""><input type="hidden" name="calculateOrder" value="1"><input type="hidden" name="calculationUsage" value="-1,-2,-3"><input type="hidden" name="updateable" value="1"><input type="hidden" name="merge" value="***"><input type="hidden" name="callAjax" value="false"><input class="button process" type="submit" name="Add" value="Add">
</form>
	<!-- END AddToTrolley.jsp -->
        <div class="numberInTrolley hidden numberInTrolley_91700" id="numberInTrolley_91700">
            
        </div>
    
                                        </div>

                                        <!-- BEGIN CatalogEntryRatingsReviewsInfo.jspf --><!-- productAllowedRatingsAndReviews: true -->
    <div class="reviews">
        
            <a class="numberOfReviews" href="http://www.sainsburys.co.uk/shop/gb/groceries/fruit-flavoured/sainsburys-diet-lemon---lime--no-added-sugar-2l#reviews">
                <img src="http://c2.sainsburys.co.uk/wcsstore7.20.1.145/SainsburysStorefrontAssetStore/img/stars/rating-3_8.gif" alt="3.75" border="0">Â  
                Reviews (4)
            </a>
        
    </div>
<!-- END CatalogEntryRatingsReviewsInfo.jspf -->
                                   </div>
                               <!-- Start AddToSubscriptionList.jspf --><!-- Start AddToSubscriptionList.jsp --><!-- End AddToSubscriptionList.jsp --><!-- End AddToSubscriptionList.jspf -->     
                    </div>
                            
                    
    
    <div class="badges">
        <ul>
<li>

                        
                        
                        <img src="/wcsstore7.20.1.145/SainsburysStorefrontAssetStore/wcassets/icons/ico_spacer.gif" alt="Vegan">
</li>
                
                    
                    
                    
                     <li class="lastchild">

                        
                        
                        <img src="/wcsstore7.20.1.145/SainsburysStorefrontAssetStore/wcassets/icons/ico_spacer.gif" alt="Vegetarian">
</li>
                
        </ul>
</div>

                </div>     
            </div>
            <!--ThumbnailRestriction --><!-- END CatalogEntryThumbnailDisplay.jsp -->
	                            </div>
</li>
	                         

	                            <li class="gridItem" style="min-height: 520px;">
	                                <!-- BEGIN CatalogEntryThumbnailDisplay.jsp --><!-- BEGIN MerchandisingAssociationsDisplay.jsp --><!-- Start - JSP File Name:  MerchandisingAssociationsDisplay.jsp --><!-- END MerchandisingAssociationsDisplay.jsp -->
            <div class="product  highlighted specialOffer straplineRow">
                
                <div class="productInfo">
                    <div class="productNameAndPromotions">
                        
                                  <h3>
                                    <a href="http://www.sainsburys.co.uk/shop/gb/groceries/fruit-flavoured/sprite-zero-2l">
                                        Sprite Zero 2L
                                        <img src="http://c2.sainsburys.co.uk/wcsstore7.20.1.145/ExtendedSitesCatalogAssetStore/images/catalog/productImages/85/5449000104885/5449000104885_L.jpeg" alt=""></a>
                                </h3>
                              
    <div class="promotion">
                   
		            <p><a href="http://www.sainsburys.co.uk/shop/PromotionDisplayView?catalogId=10241&amp;langId=44&amp;productId=81004&amp;storeId=10151&amp;promotionId=10232863"><!-- BEGIN include/PromotionStrapline.jspf -->Only Â£1.00: Save 60p<br><!-- FINISH include/PromotionStrapline.jspf --></a></p>
		                        
    </div>

                    </div> 
                </div>
                
        <div class="strapline"><a href="http://www.sainsburys.co.uk/shop/PromotionDisplayView?catalogId=10241&amp;langId=44&amp;productId=81004&amp;storeId=10151&amp;promotionId=10232863"><img src="/wcsstore7.20.1.145/SainsburysStorefrontAssetStore/wcassets/icons/special/img-special-offer.png" alt="Special Offer"></a></div>
    
                <div class="errorBanner hidden" id="error81005"></div>
                <div class="addToTrolleytabBox">   
                    <!--addToTrolleytabBox GRID VIEW --><!-- Start UserSubscribedOrNot.jspf --><!-- Start UserSubscribedOrNot.jsp --><!-- 
			If the user is not logged in, render this opening 
			DIV adding an addtional class to fix the border top which is removed 
			and replaced by the tabs
		-->
		<div class="addToTrolleytabContainer addItemBorderTop">
	<!-- End AddToSubscriptionList.jsp --><!-- End AddSubscriptionList.jspf --><!-- 
                    ATTENTION!!!
                    <div class="addToTrolleytabContainer">
                    This opening div is inside "../../ReusableObjects/UserSubscribedOrNot.jsp"
                    -->
                    <div class="pricingAndTrolleyOptions">
                    	
                                    <div class="priceTab priceTabContainer activeContainer addItem" id="addItem_81005">
                                       <div class="pricing">
                                           
	<p class="pricePerUnit">
    Â£1.00<abbr title="per">/</abbr><abbr title="unit"><span class="pricePerUnitUnit">unit</span></abbr>
</p>
 
    <p class="pricePerMeasure">Â£0.05<abbr title="per">/</abbr>100<abbr title="millilitre"><span class="pricePerMeasureMeasure">ml</span></abbr>
    </p>

                                       </div>                                      

                                     
                                        <div class="addToTrolleyForm "> 
                                           <!-- BEGIN AddToTrolley.jsp -->

		<form class="addToTrolleyForm" name="OrderItemAddForm_81005" action="OrderItemAdd" method="post" id="OrderItemAddForm_81005">
		    <input type="hidden" name="storeId" value="10151"><input type="hidden" name="langId" value="44"><input type="hidden" name="catalogId" value="10241"><input type="hidden" name="errorViewName" value="CategoryDisplayView"><input type="hidden" name="SKU_ID" value="2288888"><input type="hidden" name="itemType" value=""><label class="access" for="quantity_81004">Quantity</label>
		        
					<input name="quantity" id="quantity_81004" type="text" size="3" value="1" class="quantity"><input type="hidden" name="catEntryId" value="81005"><input type="hidden" name="productId" value="81004"><input type="hidden" name="URL" value="http://www.sainsburys.co.uk/webapp/wcs/stores/servlet/CategoryDisplay?msg=&amp;langId=44&amp;storeId=10151&amp;krypto=DCnawB4kF1P62vJKWOLl4bTQS8HvnyF3y8AtfXIJZn5ESwdXVzWXj9P3bxxViiVRGtM3Cs4oohJ1OwMiSdYs%2FHY2GfWoCOubKwB9oMlZWYtt2S95pi6owxfpfNkcRIBMQ8A0nci97P2SGzTzV6Fv7DT6ViLruLFXAHjC8cEa8C0%3D&amp;ddkey=http%3Agb%2Fgroceries%2Fdrinks%2Ffruit-flavoured"><input type="hidden" name="page" value=""><input type="hidden" name="contractId" value=""><input type="hidden" name="calculateOrder" value="1"><input type="hidden" name="calculationUsage" value="-1,-2,-3"><input type="hidden" name="updateable" value="1"><input type="hidden" name="merge" value="***"><input type="hidden" name="callAjax" value="false"><input class="button process" type="submit" name="Add" value="Add">
</form>
	<!-- END AddToTrolley.jsp -->
        <div class="numberInTrolley hidden numberInTrolley_81004" id="numberInTrolley_81004">
            
        </div>
    
                                        </div>

                                        <!-- BEGIN CatalogEntryRatingsReviewsInfo.jspf --><!-- productAllowedRatingsAndReviews: true -->
    <div class="reviews">
        
	        <a class="numberOfReviews repressive" href="http://reviews.sainsburys.co.uk//8076-en_gb/2288888-P/writereview.htm?submissionurl=http%3A%2F%2Fwww.sainsburys.co.uk%2Fwebapp%2Fwcs%2Fstores%2Fservlet%2FBVReviewSubmitDisplay%3FcatalogId%3D10241%26storeId%3D10151%26recipe%3D%26langId%3D44%26productId%3D2288888-P&amp;return=http%3A%2F%2Fwww.sainsburys.co.uk%2Fshop%2FCategoryDisplay%3FpageSize%3D30%26catalogId%3D10241%26level%3D2%26top_category%3D12192%26parent_category_rn%3D12192%26langId%3D44%26categoryId%3D12392%26beginIndex%3D0%26storeId%3D10151">
	    Write a review
          	</a>
        
    </div>
<!-- END CatalogEntryRatingsReviewsInfo.jspf -->
                                   </div>
                               <!-- Start AddToSubscriptionList.jspf --><!-- Start AddToSubscriptionList.jsp --><!-- End AddToSubscriptionList.jsp --><!-- End AddToSubscriptionList.jspf -->     
                    </div>
                            
                    
                </div>     
            </div>
            <!--ThumbnailRestriction --><!-- END CatalogEntryThumbnailDisplay.jsp -->
	                            </div>
</li>
	                         

	                            <li class="gridItem" style="min-height: 520px;">
	                                <!-- BEGIN CatalogEntryThumbnailDisplay.jsp --><!-- BEGIN MerchandisingAssociationsDisplay.jsp --><!-- Start - JSP File Name:  MerchandisingAssociationsDisplay.jsp --><!-- END MerchandisingAssociationsDisplay.jsp -->
            <div class="product  straplineRow">
                
                <div class="productInfo">
                    <div class="productNameAndPromotions">
                        
                                  <h3>
                                    <a href="http://www.sainsburys.co.uk/shop/gb/groceries/fruit-flavoured/sainsburys-pineapple---grapefruit-juice-drink--zero-added-sugar-2l">
                                        Sainsbury's Pineapple &amp; Grapefruit Juice Drink, Zero Added Sugar 2L
                                        <img src="http://c2.sainsburys.co.uk/wcsstore7.20.1.145/ExtendedSitesCatalogAssetStore/images/catalog/productImages/79/0000001828979/0000001828979_L.jpeg" alt=""></a>
                                </h3>
                              
                    </div> 
                </div>
                
                <div class="errorBanner hidden" id="error103525"></div>
                <div class="addToTrolleytabBox">   
                    <!--addToTrolleytabBox GRID VIEW --><!-- Start UserSubscribedOrNot.jspf --><!-- Start UserSubscribedOrNot.jsp --><!-- 
			If the user is not logged in, render this opening 
			DIV adding an addtional class to fix the border top which is removed 
			and replaced by the tabs
		-->
		<div class="addToTrolleytabContainer addItemBorderTop">
	<!-- End AddToSubscriptionList.jsp --><!-- End AddSubscriptionList.jspf --><!-- 
                    ATTENTION!!!
                    <div class="addToTrolleytabContainer">
                    This opening div is inside "../../ReusableObjects/UserSubscribedOrNot.jsp"
                    -->
                    <div class="pricingAndTrolleyOptions">
                    	
                                    <div class="priceTab priceTabContainer activeContainer addItem" id="addItem_103525">
                                       <div class="pricing">
                                           
	<p class="pricePerUnit">
    Â£0.60<abbr title="per">/</abbr><abbr title="unit"><span class="pricePerUnitUnit">unit</span></abbr>
</p>
 
    <p class="pricePerMeasure">Â£0.03<abbr title="per">/</abbr>100<abbr title="millilitre"><span class="pricePerMeasureMeasure">ml</span></abbr>
    </p>

                                       </div>                                      

                                     
                                        <div class="addToTrolleyForm "> 
                                           <!-- BEGIN AddToTrolley.jsp -->

		<form class="addToTrolleyForm" name="OrderItemAddForm_103525" action="OrderItemAdd" method="post" id="OrderItemAddForm_103525">
		    <input type="hidden" name="storeId" value="10151"><input type="hidden" name="langId" value="44"><input type="hidden" name="catalogId" value="10241"><input type="hidden" name="errorViewName" value="CategoryDisplayView"><input type="hidden" name="SKU_ID" value="7547089"><input type="hidden" name="itemType" value=""><label class="access" for="quantity_103524">Quantity</label>
		        
					<input name="quantity" id="quantity_103524" type="text" size="3" value="1" class="quantity"><input type="hidden" name="catEntryId" value="103525"><input type="hidden" name="productId" value="103524"><input type="hidden" name="URL" value="http://www.sainsburys.co.uk/webapp/wcs/stores/servlet/CategoryDisplay?msg=&amp;langId=44&amp;storeId=10151&amp;krypto=DCnawB4kF1P62vJKWOLl4bTQS8HvnyF3y8AtfXIJZn5ESwdXVzWXj9P3bxxViiVRGtM3Cs4oohJ1OwMiSdYs%2FHY2GfWoCOubKwB9oMlZWYtt2S95pi6owxfpfNkcRIBMQ8A0nci97P2SGzTzV6Fv7DT6ViLruLFXAHjC8cEa8C0%3D&amp;ddkey=http%3Agb%2Fgroceries%2Fdrinks%2Ffruit-flavoured"><input type="hidden" name="page" value=""><input type="hidden" name="contractId" value=""><input type="hidden" name="calculateOrder" value="1"><input type="hidden" name="calculationUsage" value="-1,-2,-3"><input type="hidden" name="updateable" value="1"><input type="hidden" name="merge" value="***"><input type="hidden" name="callAjax" value="false"><input class="button process" type="submit" name="Add" value="Add">
</form>
	<!-- END AddToTrolley.jsp -->
        <div class="numberInTrolley hidden numberInTrolley_103524" id="numberInTrolley_103524">
            
        </div>
    
                                        </div>

                                        <!-- BEGIN CatalogEntryRatingsReviewsInfo.jspf --><!-- productAllowedRatingsAndReviews: true -->
    <div class="reviews">
        
            <a class="numberOfReviews" href="http://www.sainsburys.co.uk/shop/gb/groceries/fruit-flavoured/sainsburys-pineapple---grapefruit-juice-drink--zero-added-sugar-2l#reviews">
                <img src="http://c2.sainsburys.co.uk/wcsstore7.20.1.145/SainsburysStorefrontAssetStore/img/stars/rating-4_7.gif" alt="4.6667" border="0">Â  
                Reviews (6)
            </a>
        
    </div>
<!-- END CatalogEntryRatingsReviewsInfo.jspf -->
                                   </div>
                               <!-- Start AddToSubscriptionList.jspf --><!-- Start AddToSubscriptionList.jsp --><!-- End AddToSubscriptionList.jsp --><!-- End AddToSubscriptionList.jspf -->     
                    </div>
                            
                    
    
    <div class="badges">
        <ul>
<li>

                        
                        
                        <img src="/wcsstore7.20.1.145/SainsburysStorefrontAssetStore/wcassets/icons/ico_spacer.gif" alt="Vegetarian">
</li>
                
                    
                    
                    
                     <li class="lastchild">

                        
                        
                        <img src="/wcsstore7.20.1.145/SainsburysStorefrontAssetStore/wcassets/icons/ico_spacer.gif" alt="Vegan">
</li>
                
        </ul>
</div>

                </div>     
            </div>
            <!--ThumbnailRestriction --><!-- END CatalogEntryThumbnailDisplay.jsp -->
	                            </div>
</li>
	                         

	                            <li class="gridItem" style="min-height: 448px;">
	                                <!-- BEGIN CatalogEntryThumbnailDisplay.jsp --><!-- BEGIN MerchandisingAssociationsDisplay.jsp --><!-- Start - JSP File Name:  MerchandisingAssociationsDisplay.jsp --><!-- END MerchandisingAssociationsDisplay.jsp -->
            <div class="product  straplineRow">
                
                <div class="productInfo">
                    <div class="productNameAndPromotions">
                        
                                  <h3>
                                    <a href="http://www.sainsburys.co.uk/shop/gb/groceries/fruit-flavoured/fanta-orange-x6-330ml">
                                        Fanta Orange x6 330ml
                                        <img src="http://c2.sainsburys.co.uk/wcsstore7.20.1.145/ExtendedSitesCatalogAssetStore/images/catalog/productImages/81/5449000018281/5449000018281_L.jpeg" alt=""></a>
                                </h3>
                              
                    </div> 
                </div>
                
                <div class="errorBanner hidden" id="error82181"></div>
                <div class="addToTrolleytabBox">   
                    <!--addToTrolleytabBox GRID VIEW --><!-- Start UserSubscribedOrNot.jspf --><!-- Start UserSubscribedOrNot.jsp --><!-- 
			If the user is not logged in, render this opening 
			DIV adding an addtional class to fix the border top which is removed 
			and replaced by the tabs
		-->
		<div class="addToTrolleytabContainer addItemBorderTop">
	<!-- End AddToSubscriptionList.jsp --><!-- End AddSubscriptionList.jspf --><!-- 
                    ATTENTION!!!
                    <div class="addToTrolleytabContainer">
                    This opening div is inside "../../ReusableObjects/UserSubscribedOrNot.jsp"
                    -->
                    <div class="pricingAndTrolleyOptions">
                    	
                                    <div class="priceTab priceTabContainer activeContainer addItem" id="addItem_82181">
                                       <div class="pricing">
                                           
	<p class="pricePerUnit">
    Â£3.50<abbr title="per">/</abbr><abbr title="unit"><span class="pricePerUnitUnit">unit</span></abbr>
</p>
 
    <p class="pricePerMeasure">Â£0.18<abbr title="per">/</abbr>100<abbr title="millilitre"><span class="pricePerMeasureMeasure">ml</span></abbr>
    </p>

                                       </div>                                      

                                     
                                        <div class="addToTrolleyForm "> 
                                           <!-- BEGIN AddToTrolley.jsp -->

		<form class="addToTrolleyForm" name="OrderItemAddForm_82181" action="OrderItemAdd" method="post" id="OrderItemAddForm_82181">
		    <input type="hidden" name="storeId" value="10151"><input type="hidden" name="langId" value="44"><input type="hidden" name="catalogId" value="10241"><input type="hidden" name="errorViewName" value="CategoryDisplayView"><input type="hidden" name="SKU_ID" value="2950075"><input type="hidden" name="itemType" value=""><label class="access" for="quantity_82180">Quantity</label>
		        
					<input name="quantity" id="quantity_82180" type="text" size="3" value="1" class="quantity"><input type="hidden" name="catEntryId" value="82181"><input type="hidden" name="productId" value="82180"><input type="hidden" name="URL" value="http://www.sainsburys.co.uk/webapp/wcs/stores/servlet/CategoryDisplay?msg=&amp;langId=44&amp;storeId=10151&amp;krypto=DCnawB4kF1P62vJKWOLl4bTQS8HvnyF3y8AtfXIJZn5ESwdXVzWXj9P3bxxViiVRGtM3Cs4oohJ1OwMiSdYs%2FHY2GfWoCOubKwB9oMlZWYtt2S95pi6owxfpfNkcRIBMQ8A0nci97P2SGzTzV6Fv7DT6ViLruLFXAHjC8cEa8C0%3D&amp;ddkey=http%3Agb%2Fgroceries%2Fdrinks%2Ffruit-flavoured"><input type="hidden" name="page" value=""><input type="hidden" name="contractId" value=""><input type="hidden" name="calculateOrder" value="1"><input type="hidden" name="calculationUsage" value="-1,-2,-3"><input type="hidden" name="updateable" value="1"><input type="hidden" name="merge" value="***"><input type="hidden" name="callAjax" value="false"><input class="button process" type="submit" name="Add" value="Add">
</form>
	<!-- END AddToTrolley.jsp -->
        <div class="numberInTrolley hidden numberInTrolley_82180" id="numberInTrolley_82180">
            
        </div>
    
                                        </div>

                                        <!-- BEGIN CatalogEntryRatingsReviewsInfo.jspf --><!-- productAllowedRatingsAndReviews: true -->
    <div class="reviews">
        
            <a class="numberOfReviews" href="http://www.sainsburys.co.uk/shop/gb/groceries/fruit-flavoured/fanta-orange-x6-330ml#reviews">
                <img src="http://c2.sainsburys.co.uk/wcsstore7.20.1.145/SainsburysStorefrontAssetStore/img/stars/rating-3_0.gif" alt="3.0" border="0">Â  
                Reviews (2)
            </a>
        
    </div>
<!-- END CatalogEntryRatingsReviewsInfo.jspf -->
                                   </div>
                               <!-- Start AddToSubscriptionList.jspf --><!-- Start AddToSubscriptionList.jsp --><!-- End AddToSubscriptionList.jsp --><!-- End AddToSubscriptionList.jspf -->     
                    </div>
                            
                    
                </div>     
            </div>
            <!--ThumbnailRestriction --><!-- END CatalogEntryThumbnailDisplay.jsp -->
	                            </div>
</li>
	                         

	                            <li class="gridItem" style="min-height: 448px;">
	                                <!-- BEGIN CatalogEntryThumbnailDisplay.jsp --><!-- BEGIN MerchandisingAssociationsDisplay.jsp --><!-- Start - JSP File Name:  MerchandisingAssociationsDisplay.jsp --><!-- END MerchandisingAssociationsDisplay.jsp -->
            <div class="product  straplineRow">
                
                <div class="productInfo">
                    <div class="productNameAndPromotions">
                        
                                  <h3>
                                    <a href="http://www.sainsburys.co.uk/shop/gb/groceries/fruit-flavoured/sprite-sparkling-lemon---lime-drink-x6-330ml">
                                        Sprite Sparkling Lemon &amp; Lime Drink x6 330ml
                                        <img src="http://c2.sainsburys.co.uk/wcsstore7.20.1.145/ExtendedSitesCatalogAssetStore/images/catalog/productImages/49/5449000011749/5449000011749_L.jpeg" alt=""></a>
                                </h3>
                              
                    </div> 
                </div>
                
                <div class="errorBanner hidden" id="error81009"></div>
                <div class="addToTrolleytabBox">   
                    <!--addToTrolleytabBox GRID VIEW --><!-- Start UserSubscribedOrNot.jspf --><!-- Start UserSubscribedOrNot.jsp --><!-- 
			If the user is not logged in, render this opening 
			DIV adding an addtional class to fix the border top which is removed 
			and replaced by the tabs
		-->
		<div class="addToTrolleytabContainer addItemBorderTop">
	<!-- End AddToSubscriptionList.jsp --><!-- End AddSubscriptionList.jspf --><!-- 
                    ATTENTION!!!
                    <div class="addToTrolleytabContainer">
                    This opening div is inside "../../ReusableObjects/UserSubscribedOrNot.jsp"
                    -->
                    <div class="pricingAndTrolleyOptions">
                    	
                                    <div class="priceTab priceTabContainer activeContainer addItem" id="addItem_81009">
                                       <div class="pricing">
                                           
	<p class="pricePerUnit">
    Â£3.50<abbr title="per">/</abbr><abbr title="unit"><span class="pricePerUnitUnit">unit</span></abbr>
</p>
 
    <p class="pricePerMeasure">Â£0.18<abbr title="per">/</abbr>100<abbr title="millilitre"><span class="pricePerMeasureMeasure">ml</span></abbr>
    </p>

                                       </div>                                      

                                     
                                        <div class="addToTrolleyForm "> 
                                           <!-- BEGIN AddToTrolley.jsp -->

		<form class="addToTrolleyForm" name="OrderItemAddForm_81009" action="OrderItemAdd" method="post" id="OrderItemAddForm_81009">
		    <input type="hidden" name="storeId" value="10151"><input type="hidden" name="langId" value="44"><input type="hidden" name="catalogId" value="10241"><input type="hidden" name="errorViewName" value="CategoryDisplayView"><input type="hidden" name="SKU_ID" value="2293622"><input type="hidden" name="itemType" value=""><label class="access" for="quantity_81008">Quantity</label>
		        
					<input name="quantity" id="quantity_81008" type="text" size="3" value="1" class="quantity"><input type="hidden" name="catEntryId" value="81009"><input type="hidden" name="productId" value="81008"><input type="hidden" name="URL" value="http://www.sainsburys.co.uk/webapp/wcs/stores/servlet/CategoryDisplay?msg=&amp;langId=44&amp;storeId=10151&amp;krypto=DCnawB4kF1P62vJKWOLl4bTQS8HvnyF3y8AtfXIJZn5ESwdXVzWXj9P3bxxViiVRGtM3Cs4oohJ1OwMiSdYs%2FHY2GfWoCOubKwB9oMlZWYtt2S95pi6owxfpfNkcRIBMQ8A0nci97P2SGzTzV6Fv7DT6ViLruLFXAHjC8cEa8C0%3D&amp;ddkey=http%3Agb%2Fgroceries%2Fdrinks%2Ffruit-flavoured"><input type="hidden" name="page" value=""><input type="hidden" name="contractId" value=""><input type="hidden" name="calculateOrder" value="1"><input type="hidden" name="calculationUsage" value="-1,-2,-3"><input type="hidden" name="updateable" value="1"><input type="hidden" name="merge" value="***"><input type="hidden" name="callAjax" value="false"><input class="button process" type="submit" name="Add" value="Add">
</form>
	<!-- END AddToTrolley.jsp -->
        <div class="numberInTrolley hidden numberInTrolley_81008" id="numberInTrolley_81008">
            
        </div>
    
                                        </div>

                                        <!-- BEGIN CatalogEntryRatingsReviewsInfo.jspf --><!-- productAllowedRatingsAndReviews: true -->
    <div class="reviews">
        
	        <a class="numberOfReviews repressive" href="http://reviews.sainsburys.co.uk//8076-en_gb/2293622-P/writereview.htm?submissionurl=http%3A%2F%2Fwww.sainsburys.co.uk%2Fwebapp%2Fwcs%2Fstores%2Fservlet%2FBVReviewSubmitDisplay%3FcatalogId%3D10143%26storeId%3D10151%26recipe%3D%26langId%3D44%26productId%3D2293622-P&amp;return=http%3A%2F%2Fwww.sainsburys.co.uk%2Fwebapp%2Fwcs%2Fstores%2Fservlet%2FCategoryDisplay%3FpageSize%3D100">
	    Write a review
          	</a>
        
    </div>
<!-- END CatalogEntryRatingsReviewsInfo.jspf -->
                                   </div>
                               <!-- Start AddToSubscriptionList.jspf --><!-- Start AddToSubscriptionList.jsp --><!-- End AddToSubscriptionList.jsp --><!-- End AddToSubscriptionList.jspf -->     
                    </div>
                            
                    
                </div>     
            </div>
            <!--ThumbnailRestriction --><!-- END CatalogEntryThumbnailDisplay.jsp -->
	                            </div>
</li>
	                         

	                            <li class="gridItem" style="min-height: 448px;">
	                                <!-- BEGIN CatalogEntryThumbnailDisplay.jsp --><!-- BEGIN MerchandisingAssociationsDisplay.jsp --><!-- Start - JSP File Name:  MerchandisingAssociationsDisplay.jsp --><!-- END MerchandisingAssociationsDisplay.jsp -->
            <div class="product  highlighted specialOffer straplineRow">
                
                <div class="productInfo">
                    <div class="productNameAndPromotions">
                        
                                  <h3>
                                    <a href="http://www.sainsburys.co.uk/shop/gb/groceries/fruit-flavoured/dr-pepper-sparkling-drink-2l">
                                        Dr Pepper Sparkling Drink 2L
                                        <img src="http://c2.sainsburys.co.uk/wcsstore7.20.1.145/ExtendedSitesCatalogAssetStore/images/catalog/productImages/03/5015672006903/5015672006903_L.jpeg" alt=""></a>
                                </h3>
                              
    <div class="promotion">
                   
		            <p><a href="http://www.sainsburys.co.uk/shop/PromotionDisplayView?catalogId=10241&amp;langId=44&amp;productId=81886&amp;storeId=10151&amp;promotionId=10232863"><!-- BEGIN include/PromotionStrapline.jspf -->Only Â£1.00: Save 60p<br><!-- FINISH include/PromotionStrapline.jspf --></a></p>
		                        
    </div>

                    </div> 
                </div>
                
        <div class="strapline"><a href="http://www.sainsburys.co.uk/shop/PromotionDisplayView?catalogId=10241&amp;langId=44&amp;productId=81886&amp;storeId=10151&amp;promotionId=10232863"><img src="/wcsstore7.20.1.145/SainsburysStorefrontAssetStore/wcassets/icons/special/img-special-offer.png" alt="Special Offer"></a></div>
    
                <div class="errorBanner hidden" id="error81887"></div>
                <div class="addToTrolleytabBox">   
                    <!--addToTrolleytabBox GRID VIEW --><!-- Start UserSubscribedOrNot.jspf --><!-- Start UserSubscribedOrNot.jsp --><!-- 
			If the user is not logged in, render this opening 
			DIV adding an addtional class to fix the border top which is removed 
			and replaced by the tabs
		-->
		<div class="addToTrolleytabContainer addItemBorderTop">
	<!-- End AddToSubscriptionList.jsp --><!-- End AddSubscriptionList.jspf --><!-- 
                    ATTENTION!!!
                    <div class="addToTrolleytabContainer">
                    This opening div is inside "../../ReusableObjects/UserSubscribedOrNot.jsp"
                    -->
                    <div class="pricingAndTrolleyOptions">
                    	
                                    <div class="priceTab priceTabContainer activeContainer addItem" id="addItem_81887">
                                       <div class="pricing">
                                           
	<p class="pricePerUnit">
    Â£1.00<abbr title="per">/</abbr><abbr title="unit"><span class="pricePerUnitUnit">unit</span></abbr>
</p>
 
    <p class="pricePerMeasure">Â£0.05<abbr title="per">/</abbr>100<abbr title="millilitre"><span class="pricePerMeasureMeasure">ml</span></abbr>
    </p>

                                       </div>                                      

                                     
                                        <div class="addToTrolleyForm "> 
                                           <!-- BEGIN AddToTrolley.jsp -->

		<form class="addToTrolleyForm" name="OrderItemAddForm_81887" action="OrderItemAdd" method="post" id="OrderItemAddForm_81887">
		    <input type="hidden" name="storeId" value="10151"><input type="hidden" name="langId" value="44"><input type="hidden" name="catalogId" value="10241"><input type="hidden" name="errorViewName" value="CategoryDisplayView"><input type="hidden" name="SKU_ID" value="2835778"><input type="hidden" name="itemType" value=""><label class="access" for="quantity_81886">Quantity</label>
		        
					<input name="quantity" id="quantity_81886" type="text" size="3" value="1" class="quantity"><input type="hidden" name="catEntryId" value="81887"><input type="hidden" name="productId" value="81886"><input type="hidden" name="URL" value="http://www.sainsburys.co.uk/webapp/wcs/stores/servlet/CategoryDisplay?msg=&amp;langId=44&amp;storeId=10151&amp;krypto=DCnawB4kF1P62vJKWOLl4bTQS8HvnyF3y8AtfXIJZn5ESwdXVzWXj9P3bxxViiVRGtM3Cs4oohJ1OwMiSdYs%2FHY2GfWoCOubKwB9oMlZWYtt2S95pi6owxfpfNkcRIBMQ8A0nci97P2SGzTzV6Fv7DT6ViLruLFXAHjC8cEa8C0%3D&amp;ddkey=http%3Agb%2Fgroceries%2Fdrinks%2Ffruit-flavoured"><input type="hidden" name="page" value=""><input type="hidden" name="contractId" value=""><input type="hidden" name="calculateOrder" value="1"><input type="hidden" name="calculationUsage" value="-1,-2,-3"><input type="hidden" name="updateable" value="1"><input type="hidden" name="merge" value="***"><input type="hidden" name="callAjax" value="false"><input class="button process" type="submit" name="Add" value="Add">
</form>
	<!-- END AddToTrolley.jsp -->
        <div class="numberInTrolley hidden numberInTrolley_81886" id="numberInTrolley_81886">
            
        </div>
    
                                        </div>

                                        <!-- BEGIN CatalogEntryRatingsReviewsInfo.jspf --><!-- productAllowedRatingsAndReviews: true -->
    <div class="reviews">
        
	        <a class="numberOfReviews repressive" href="http://reviews.sainsburys.co.uk//8076-en_gb/2835778-P/writereview.htm?submissionurl=http%3A%2F%2Fwww.sainsburys.co.uk%2Fwebapp%2Fwcs%2Fstores%2Fservlet%2FBVReviewSubmitDisplay%3FcatalogId%3D10241%26storeId%3D10151%26recipe%3D%26langId%3D44%26productId%3D2835778-P&amp;return=http%3A%2F%2Fwww.sainsburys.co.uk%2Fwebapp%2Fwcs%2Fstores%2Fservlet%2FAjaxApplyFilterBrowseView%3FlangId%3D44%26storeId%3D10151%26catalogId%3D10241%26categoryId%3D12392%26parent_category_rn%3D12192%26top_category%3D12192%26pageSize%3D30%26orderBy%3DFAVOURITES_ONLY%257CTOP_SELLERS%26searchTerm%3D%26beginIndex%3D0%26facet%3D88%26requesttype%3Dajax">
	    Write a review
          	</a>
        
    </div>
<!-- END CatalogEntryRatingsReviewsInfo.jspf -->
                                   </div>
                               <!-- Start AddToSubscriptionList.jspf --><!-- Start AddToSubscriptionList.jsp --><!-- End AddToSubscriptionList.jsp --><!-- End AddToSubscriptionList.jspf -->     
                    </div>
                            
                    
                </div>     
            </div>
            <!--ThumbnailRestriction --><!-- END CatalogEntryThumbnailDisplay.jsp -->
	                            </div>
</li>
	                         

	                            <li class="gridItem" style="min-height: 520px;">
	                                <!-- BEGIN CatalogEntryThumbnailDisplay.jsp --><!-- BEGIN MerchandisingAssociationsDisplay.jsp --><!-- Start - JSP File Name:  MerchandisingAssociationsDisplay.jsp --><!-- END MerchandisingAssociationsDisplay.jsp -->
            <div class="product  straplineRow">
                
                <div class="productInfo">
                    <div class="productNameAndPromotions">
                        
                                  <h3>
                                    <a href="http://www.sainsburys.co.uk/shop/gb/groceries/fruit-flavoured/lucozade-energy-drink-original-x6-380ml">
                                        Lucozade Energy Original x6 380ml
                                        <img src="http://c2.sainsburys.co.uk/wcsstore7.20.1.145/ExtendedSitesCatalogAssetStore/images/catalog/productImages/96/5054267000896/5054267000896_L.jpeg" alt=""></a>
                                </h3>
                              
                    </div> 
                </div>
                
                <div class="errorBanner hidden" id="error39637"></div>
                <div class="addToTrolleytabBox">   
                    <!--addToTrolleytabBox GRID VIEW --><!-- Start UserSubscribedOrNot.jspf --><!-- Start UserSubscribedOrNot.jsp --><!-- 
			If the user is not logged in, render this opening 
			DIV adding an addtional class to fix the border top which is removed 
			and replaced by the tabs
		-->
		<div class="addToTrolleytabContainer addItemBorderTop">
	<!-- End AddToSubscriptionList.jsp --><!-- End AddSubscriptionList.jspf --><!-- 
                    ATTENTION!!!
                    <div class="addToTrolleytabContainer">
                    This opening div is inside "../../ReusableObjects/UserSubscribedOrNot.jsp"
                    -->
                    <div class="pricingAndTrolleyOptions">
                    	
                                    <div class="priceTab priceTabContainer activeContainer addItem" id="addItem_39637">
                                       <div class="pricing">
                                           
	<p class="pricePerUnit">
    Â£3.00<abbr title="per">/</abbr><abbr title="unit"><span class="pricePerUnitUnit">unit</span></abbr>
</p>
 
    <p class="pricePerMeasure">Â£0.13<abbr title="per">/</abbr>100<abbr title="millilitre"><span class="pricePerMeasureMeasure">ml</span></abbr>
    </p>

                                       </div>                                      

                                     
                                        <div class="addToTrolleyForm "> 
                                           <!-- BEGIN AddToTrolley.jsp -->

		<form class="addToTrolleyForm" name="OrderItemAddForm_39637" action="OrderItemAdd" method="post" id="OrderItemAddForm_39637">
		    <input type="hidden" name="storeId" value="10151"><input type="hidden" name="langId" value="44"><input type="hidden" name="catalogId" value="10241"><input type="hidden" name="errorViewName" value="CategoryDisplayView"><input type="hidden" name="SKU_ID" value="3705773"><input type="hidden" name="itemType" value=""><label class="access" for="quantity_39636">Quantity</label>
		        
					<input name="quantity" id="quantity_39636" type="text" size="3" value="1" class="quantity"><input type="hidden" name="catEntryId" value="39637"><input type="hidden" name="productId" value="39636"><input type="hidden" name="URL" value="http://www.sainsburys.co.uk/webapp/wcs/stores/servlet/CategoryDisplay?msg=&amp;langId=44&amp;storeId=10151&amp;krypto=DCnawB4kF1P62vJKWOLl4bTQS8HvnyF3y8AtfXIJZn5ESwdXVzWXj9P3bxxViiVRGtM3Cs4oohJ1OwMiSdYs%2FHY2GfWoCOubKwB9oMlZWYtt2S95pi6owxfpfNkcRIBMQ8A0nci97P2SGzTzV6Fv7DT6ViLruLFXAHjC8cEa8C0%3D&amp;ddkey=http%3Agb%2Fgroceries%2Fdrinks%2Ffruit-flavoured"><input type="hidden" name="page" value=""><input type="hidden" name="contractId" value=""><input type="hidden" name="calculateOrder" value="1"><input type="hidden" name="calculationUsage" value="-1,-2,-3"><input type="hidden" name="updateable" value="1"><input type="hidden" name="merge" value="***"><input type="hidden" name="callAjax" value="false"><input class="button process" type="submit" name="Add" value="Add">
</form>
	<!-- END AddToTrolley.jsp -->
        <div class="numberInTrolley hidden numberInTrolley_39636" id="numberInTrolley_39636">
            
        </div>
    
                                        </div>

                                        <!-- BEGIN CatalogEntryRatingsReviewsInfo.jspf --><!-- productAllowedRatingsAndReviews: true -->
    <div class="reviews">
        
	        <a class="numberOfReviews repressive" href="http://reviews.sainsburys.co.uk//8076-en_gb/3705773-P/writereview.htm?submissionurl=http%3A%2F%2Fwww.sainsburys.co.uk%2Fwebapp%2Fwcs%2Fstores%2Fservlet%2FBVReviewSubmitDisplay%3FcatalogId%3D10143%26storeId%3D10151%26recipe%3D%26langId%3D44%26productId%3D3705773-P&amp;return=http%3A%2F%2Fwww.sainsburys.co.uk%2Fwebapp%2Fwcs%2Fstores%2Fservlet%2FCategoryDisplay%3FpageSize%3D100">
	    Write a review
          	</a>
        
    </div>
<!-- END CatalogEntryRatingsReviewsInfo.jspf -->
                                   </div>
                               <!-- Start AddToSubscriptionList.jspf --><!-- Start AddToSubscriptionList.jsp --><!-- End AddToSubscriptionList.jsp --><!-- End AddToSubscriptionList.jspf -->     
                    </div>
                            
                    
                </div>     
            </div>
            <!--ThumbnailRestriction --><!-- END CatalogEntryThumbnailDisplay.jsp -->
	                            </div>
</li>
	                         

	                            <li class="gridItem" style="min-height: 520px;">
	                                <!-- BEGIN CatalogEntryThumbnailDisplay.jsp --><!-- BEGIN MerchandisingAssociationsDisplay.jsp --><!-- Start - JSP File Name:  MerchandisingAssociationsDisplay.jsp --><!-- END MerchandisingAssociationsDisplay.jsp -->
            <div class="product  highlighted specialOffer straplineRow">
                
                <div class="productInfo">
                    <div class="productNameAndPromotions">
                        
                                  <h3>
                                    <a href="http://www.sainsburys.co.uk/shop/gb/groceries/fruit-flavoured/sainsburys-classic-diet-lemonade-2l">
                                        Sainsbury's Classic Diet Lemonade 2L
                                        <img src="http://c2.sainsburys.co.uk/wcsstore7.20.1.145/ExtendedSitesCatalogAssetStore/images/catalog/productImages/55/0000001652055/0000001652055_L.jpeg" alt=""></a>
                                </h3>
                              
    <div class="promotion">
                   
		            <p><a href="http://www.sainsburys.co.uk/shop/PromotionDisplayView?catalogId=10241&amp;langId=44&amp;productId=94744&amp;storeId=10151&amp;promotionId=10230304"><!-- BEGIN include/PromotionStrapline.jspf -->Only 90p: Save 20p<br><!-- FINISH include/PromotionStrapline.jspf --></a></p>
		                        
    </div>

                    </div> 
                </div>
                
        <div class="strapline"><a href="http://www.sainsburys.co.uk/shop/PromotionDisplayView?catalogId=10241&amp;langId=44&amp;productId=94744&amp;storeId=10151&amp;promotionId=10230304"><img src="/wcsstore7.20.1.145/SainsburysStorefrontAssetStore/wcassets/icons/special/img-special-offer.png" alt="Special Offer"></a></div>
    
                <div class="errorBanner hidden" id="error94745"></div>
                <div class="addToTrolleytabBox">   
                    <!--addToTrolleytabBox GRID VIEW --><!-- Start UserSubscribedOrNot.jspf --><!-- Start UserSubscribedOrNot.jsp --><!-- 
			If the user is not logged in, render this opening 
			DIV adding an addtional class to fix the border top which is removed 
			and replaced by the tabs
		-->
		<div class="addToTrolleytabContainer addItemBorderTop">
	<!-- End AddToSubscriptionList.jsp --><!-- End AddSubscriptionList.jspf --><!-- 
                    ATTENTION!!!
                    <div class="addToTrolleytabContainer">
                    This opening div is inside "../../ReusableObjects/UserSubscribedOrNot.jsp"
                    -->
                    <div class="pricingAndTrolleyOptions">
                    	
                                    <div class="priceTab priceTabContainer activeContainer addItem" id="addItem_94745">
                                       <div class="pricing">
                                           
	<p class="pricePerUnit">
    Â£0.90<abbr title="per">/</abbr><abbr title="unit"><span class="pricePerUnitUnit">unit</span></abbr>
</p>
 
    <p class="pricePerMeasure">Â£0.05<abbr title="per">/</abbr>100<abbr title="millilitre"><span class="pricePerMeasureMeasure">ml</span></abbr>
    </p>

                                       </div>                                      

                                     
                                        <div class="addToTrolleyForm "> 
                                           <!-- BEGIN AddToTrolley.jsp -->

		<form class="addToTrolleyForm" name="OrderItemAddForm_94745" action="OrderItemAdd" method="post" id="OrderItemAddForm_94745">
		    <input type="hidden" name="storeId" value="10151"><input type="hidden" name="langId" value="44"><input type="hidden" name="catalogId" value="10241"><input type="hidden" name="errorViewName" value="CategoryDisplayView"><input type="hidden" name="SKU_ID" value="7004607"><input type="hidden" name="itemType" value=""><label class="access" for="quantity_94744">Quantity</label>
		        
					<input name="quantity" id="quantity_94744" type="text" size="3" value="1" class="quantity"><input type="hidden" name="catEntryId" value="94745"><input type="hidden" name="productId" value="94744"><input type="hidden" name="URL" value="http://www.sainsburys.co.uk/webapp/wcs/stores/servlet/CategoryDisplay?msg=&amp;langId=44&amp;storeId=10151&amp;krypto=DCnawB4kF1P62vJKWOLl4bTQS8HvnyF3y8AtfXIJZn5ESwdXVzWXj9P3bxxViiVRGtM3Cs4oohJ1OwMiSdYs%2FHY2GfWoCOubKwB9oMlZWYtt2S95pi6owxfpfNkcRIBMQ8A0nci97P2SGzTzV6Fv7DT6ViLruLFXAHjC8cEa8C0%3D&amp;ddkey=http%3Agb%2Fgroceries%2Fdrinks%2Ffruit-flavoured"><input type="hidden" name="page" value=""><input type="hidden" name="contractId" value=""><input type="hidden" name="calculateOrder" value="1"><input type="hidden" name="calculationUsage" value="-1,-2,-3"><input type="hidden" name="updateable" value="1"><input type="hidden" name="merge" value="***"><input type="hidden" name="callAjax" value="false"><input class="button process" type="submit" name="Add" value="Add">
</form>
	<!-- END AddToTrolley.jsp -->
        <div class="numberInTrolley hidden numberInTrolley_94744" id="numberInTrolley_94744">
            
        </div>
    
                                        </div>

                                        <!-- BEGIN CatalogEntryRatingsReviewsInfo.jspf --><!-- productAllowedRatingsAndReviews: true -->
    <div class="reviews">
        
            <a class="numberOfReviews" href="http://www.sainsburys.co.uk/shop/gb/groceries/fruit-flavoured/sainsburys-classic-diet-lemonade-2l#reviews">
                <img src="http://c2.sainsburys.co.uk/wcsstore7.20.1.145/SainsburysStorefrontAssetStore/img/stars/rating-3_0.gif" alt="3.0" border="0">Â  
                Reviews (1)
            </a>
        
    </div>
<!-- END CatalogEntryRatingsReviewsInfo.jspf -->
                                   </div>
                               <!-- Start AddToSubscriptionList.jspf --><!-- Start AddToSubscriptionList.jsp --><!-- End AddToSubscriptionList.jsp --><!-- End AddToSubscriptionList.jspf -->     
                    </div>
                            
                    
    
    <div class="badges">
        <ul>
<li>

                        
                        
                        <img src="/wcsstore7.20.1.145/SainsburysStorefrontAssetStore/wcassets/icons/ico_spacer.gif" alt="Vegetarian">
</li>
                
                    
                    
                    
                     <li class="lastchild">

                        
                        
                        <img src="/wcsstore7.20.1.145/SainsburysStorefrontAssetStore/wcassets/icons/ico_spacer.gif" alt="Vegan">
</li>
                
        </ul>
</div>

                </div>     
            </div>
            <!--ThumbnailRestriction --><!-- END CatalogEntryThumbnailDisplay.jsp -->
	                            </div>
</li>
	                         

	                            <li class="gridItem" style="min-height: 520px;">
	                                <!-- BEGIN CatalogEntryThumbnailDisplay.jsp --><!-- BEGIN MerchandisingAssociationsDisplay.jsp --><!-- Start - JSP File Name:  MerchandisingAssociationsDisplay.jsp --><!-- END MerchandisingAssociationsDisplay.jsp -->
            <div class="product  highlighted specialOffer straplineRow">
                
                <div class="productInfo">
                    <div class="productNameAndPromotions">
                        
                                  <h3>
                                    <a href="http://www.sainsburys.co.uk/shop/gb/groceries/fruit-flavoured/sprite-sparkling-lemon---lime-drink-2l">
                                        Sprite Sparkling Lemon &amp; Lime Drink 2L
                                        <img src="http://c2.sainsburys.co.uk/wcsstore7.20.1.145/ExtendedSitesCatalogAssetStore/images/catalog/productImages/64/5449000004864/5449000004864_L.jpeg" alt=""></a>
                                </h3>
                              
    <div class="promotion">
                   
		            <p><a href="http://www.sainsburys.co.uk/shop/PromotionDisplayView?catalogId=10241&amp;langId=44&amp;productId=81062&amp;storeId=10151&amp;promotionId=10232863"><!-- BEGIN include/PromotionStrapline.jspf -->Only Â£1.00: Save 60p<br><!-- FINISH include/PromotionStrapline.jspf --></a></p>
		                        
    </div>

                    </div> 
                </div>
                
        <div class="strapline"><a href="http://www.sainsburys.co.uk/shop/PromotionDisplayView?catalogId=10241&amp;langId=44&amp;productId=81062&amp;storeId=10151&amp;promotionId=10232863"><img src="/wcsstore7.20.1.145/SainsburysStorefrontAssetStore/wcassets/icons/special/img-special-offer.png" alt="Special Offer"></a></div>
    
                <div class="errorBanner hidden" id="error81063"></div>
                <div class="addToTrolleytabBox">   
                    <!--addToTrolleytabBox GRID VIEW --><!-- Start UserSubscribedOrNot.jspf --><!-- Start UserSubscribedOrNot.jsp --><!-- 
			If the user is not logged in, render this opening 
			DIV adding an addtional class to fix the border top which is removed 
			and replaced by the tabs
		-->
		<div class="addToTrolleytabContainer addItemBorderTop">
	<!-- End AddToSubscriptionList.jsp --><!-- End AddSubscriptionList.jspf --><!-- 
                    ATTENTION!!!
                    <div class="addToTrolleytabContainer">
                    This opening div is inside "../../ReusableObjects/UserSubscribedOrNot.jsp"
                    -->
                    <div class="pricingAndTrolleyOptions">
                    	
                                    <div class="priceTab priceTabContainer activeContainer addItem" id="addItem_81063">
                                       <div class="pricing">
                                           
	<p class="pricePerUnit">
    Â£1.00<abbr title="per">/</abbr><abbr title="unit"><span class="pricePerUnitUnit">unit</span></abbr>
</p>
 
    <p class="pricePerMeasure">Â£0.05<abbr title="per">/</abbr>100<abbr title="millilitre"><span class="pricePerMeasureMeasure">ml</span></abbr>
    </p>

                                       </div>                                      

                                     
                                        <div class="addToTrolleyForm "> 
                                           <!-- BEGIN AddToTrolley.jsp -->

		<form class="addToTrolleyForm" name="OrderItemAddForm_81063" action="OrderItemAdd" method="post" id="OrderItemAddForm_81063">
		    <input type="hidden" name="storeId" value="10151"><input type="hidden" name="langId" value="44"><input type="hidden" name="catalogId" value="10241"><input type="hidden" name="errorViewName" value="CategoryDisplayView"><input type="hidden" name="SKU_ID" value="2331331"><input type="hidden" name="itemType" value=""><label class="access" for="quantity_81062">Quantity</label>
		        
					<input name="quantity" id="quantity_81062" type="text" size="3" value="1" class="quantity"><input type="hidden" name="catEntryId" value="81063"><input type="hidden" name="productId" value="81062"><input type="hidden" name="URL" value="http://www.sainsburys.co.uk/webapp/wcs/stores/servlet/CategoryDisplay?msg=&amp;langId=44&amp;storeId=10151&amp;krypto=DCnawB4kF1P62vJKWOLl4bTQS8HvnyF3y8AtfXIJZn5ESwdXVzWXj9P3bxxViiVRGtM3Cs4oohJ1OwMiSdYs%2FHY2GfWoCOubKwB9oMlZWYtt2S95pi6owxfpfNkcRIBMQ8A0nci97P2SGzTzV6Fv7DT6ViLruLFXAHjC8cEa8C0%3D&amp;ddkey=http%3Agb%2Fgroceries%2Fdrinks%2Ffruit-flavoured"><input type="hidden" name="page" value=""><input type="hidden" name="contractId" value=""><input type="hidden" name="calculateOrder" value="1"><input type="hidden" name="calculationUsage" value="-1,-2,-3"><input type="hidden" name="updateable" value="1"><input type="hidden" name="merge" value="***"><input type="hidden" name="callAjax" value="false"><input class="button process" type="submit" name="Add" value="Add">
</form>
	<!-- END AddToTrolley.jsp -->
        <div class="numberInTrolley hidden numberInTrolley_81062" id="numberInTrolley_81062">
            
        </div>
    
                                        </div>

                                        <!-- BEGIN CatalogEntryRatingsReviewsInfo.jspf --><!-- productAllowedRatingsAndReviews: true -->
    <div class="reviews">
        
	        <a class="numberOfReviews repressive" href="http://reviews.sainsburys.co.uk//8076-en_gb/2331331-P/writereview.htm?submissionurl=http%3A%2F%2Fwww.sainsburys.co.uk%2Fwebapp%2Fwcs%2Fstores%2Fservlet%2FBVReviewSubmitDisplay%3FcatalogId%3D10241%26storeId%3D10151%26recipe%3D%26langId%3D44%26productId%3D2331331-P&amp;return=http%3A%2F%2Fwww.sainsburys.co.uk%2Fwebapp%2Fwcs%2Fstores%2Fservlet%2FAjaxApplyFilterBrowseView%3FlangId%3D44%26storeId%3D10151%26catalogId%3D10241%26categoryId%3D12392%26parent_category_rn%3D12192%26top_category%3D12192%26pageSize%3D30%26orderBy%3DFAVOURITES_ONLY%257CTOP_SELLERS%26searchTerm%3D%26beginIndex%3D0%26facet%3D88%26requesttype%3Dajax">
	    Write a review
          	</a>
        
    </div>
<!-- END CatalogEntryRatingsReviewsInfo.jspf -->
                                   </div>
                               <!-- Start AddToSubscriptionList.jspf --><!-- Start AddToSubscriptionList.jsp --><!-- End AddToSubscriptionList.jsp --><!-- End AddToSubscriptionList.jspf -->     
                    </div>
                            
                    
                </div>     
            </div>
            <!--ThumbnailRestriction --><!-- END CatalogEntryThumbnailDisplay.jsp -->
	                            </div>
</li>
	                         

	                            <li class="gridItem" style="min-height: 450px;">
	                                <!-- BEGIN CatalogEntryThumbnailDisplay.jsp --><!-- BEGIN MerchandisingAssociationsDisplay.jsp --><!-- Start - JSP File Name:  MerchandisingAssociationsDisplay.jsp --><!-- END MerchandisingAssociationsDisplay.jsp -->
            <div class="product  highlighted specialOffer straplineRow">
                
                <div class="productInfo">
                    <div class="productNameAndPromotions">
                        
                                  <h3>
                                    <a href="http://www.sainsburys.co.uk/shop/gb/groceries/fruit-flavoured/lucozade-sparkling-glucose-drink--original-1l">
                                        Lucozade Energy Original 1L
                                        <img src="http://c2.sainsburys.co.uk/wcsstore7.20.1.145/ExtendedSitesCatalogAssetStore/images/catalog/productImages/05/5054267000605/5054267000605_L.jpeg" alt=""></a>
                                </h3>
                              
    <div class="promotion">
                   
		            <p><a href="http://www.sainsburys.co.uk/shop/PromotionDisplayView?catalogId=10241&amp;langId=44&amp;productId=38566&amp;storeId=10151&amp;promotionId=10232919"><!-- BEGIN include/PromotionStrapline.jspf -->Only Â£1.00: Save 50p<br><!-- FINISH include/PromotionStrapline.jspf --></a></p>
		                        
    </div>

                    </div> 
                </div>
                
        <div class="strapline"><a href="http://www.sainsburys.co.uk/shop/PromotionDisplayView?catalogId=10241&amp;langId=44&amp;productId=38566&amp;storeId=10151&amp;promotionId=10232919"><img src="/wcsstore7.20.1.145/SainsburysStorefrontAssetStore/wcassets/icons/special/img-special-offer.png" alt="Special Offer"></a></div>
    
                <div class="errorBanner hidden" id="error38567"></div>
                <div class="addToTrolleytabBox">   
                    <!--addToTrolleytabBox GRID VIEW --><!-- Start UserSubscribedOrNot.jspf --><!-- Start UserSubscribedOrNot.jsp --><!-- 
			If the user is not logged in, render this opening 
			DIV adding an addtional class to fix the border top which is removed 
			and replaced by the tabs
		-->
		<div class="addToTrolleytabContainer addItemBorderTop">
	<!-- End AddToSubscriptionList.jsp --><!-- End AddSubscriptionList.jspf --><!-- 
                    ATTENTION!!!
                    <div class="addToTrolleytabContainer">
                    This opening div is inside "../../ReusableObjects/UserSubscribedOrNot.jsp"
                    -->
                    <div class="pricingAndTrolleyOptions">
                    	
                                    <div class="priceTab priceTabContainer activeContainer addItem" id="addItem_38567">
                                       <div class="pricing">
                                           
	<p class="pricePerUnit">
    Â£1.00<abbr title="per">/</abbr><abbr title="unit"><span class="pricePerUnitUnit">unit</span></abbr>
</p>
 
    <p class="pricePerMeasure">Â£0.10<abbr title="per">/</abbr>100<abbr title="millilitre"><span class="pricePerMeasureMeasure">ml</span></abbr>
    </p>

                                       </div>                                      

                                     
                                        <div class="addToTrolleyForm "> 
                                           <!-- BEGIN AddToTrolley.jsp -->

		<form class="addToTrolleyForm" name="OrderItemAddForm_38567" action="OrderItemAdd" method="post" id="OrderItemAddForm_38567">
		    <input type="hidden" name="storeId" value="10151"><input type="hidden" name="langId" value="44"><input type="hidden" name="catalogId" value="10241"><input type="hidden" name="errorViewName" value="CategoryDisplayView"><input type="hidden" name="SKU_ID" value="2002071"><input type="hidden" name="itemType" value=""><label class="access" for="quantity_38566">Quantity</label>
		        
					<input name="quantity" id="quantity_38566" type="text" size="3" value="1" class="quantity"><input type="hidden" name="catEntryId" value="38567"><input type="hidden" name="productId" value="38566"><input type="hidden" name="URL" value="http://www.sainsburys.co.uk/webapp/wcs/stores/servlet/CategoryDisplay?msg=&amp;langId=44&amp;storeId=10151&amp;krypto=DCnawB4kF1P62vJKWOLl4bTQS8HvnyF3y8AtfXIJZn5ESwdXVzWXj9P3bxxViiVRGtM3Cs4oohJ1OwMiSdYs%2FHY2GfWoCOubKwB9oMlZWYtt2S95pi6owxfpfNkcRIBMQ8A0nci97P2SGzTzV6Fv7DT6ViLruLFXAHjC8cEa8C0%3D&amp;ddkey=http%3Agb%2Fgroceries%2Fdrinks%2Ffruit-flavoured"><input type="hidden" name="page" value=""><input type="hidden" name="contractId" value=""><input type="hidden" name="calculateOrder" value="1"><input type="hidden" name="calculationUsage" value="-1,-2,-3"><input type="hidden" name="updateable" value="1"><input type="hidden" name="merge" value="***"><input type="hidden" name="callAjax" value="false"><input class="button process" type="submit" name="Add" value="Add">
</form>
	<!-- END AddToTrolley.jsp -->
        <div class="numberInTrolley hidden numberInTrolley_38566" id="numberInTrolley_38566">
            
        </div>
    
                                        </div>

                                        <!-- BEGIN CatalogEntryRatingsReviewsInfo.jspf --><!-- productAllowedRatingsAndReviews: true -->
    <div class="reviews">
        
            <a class="numberOfReviews" href="http://www.sainsburys.co.uk/shop/gb/groceries/fruit-flavoured/lucozade-sparkling-glucose-drink--original-1l#reviews">
                <img src="http://c2.sainsburys.co.uk/wcsstore7.20.1.145/SainsburysStorefrontAssetStore/img/stars/rating-3_0.gif" alt="3.0" border="0">Â  
                Reviews (1)
            </a>
        
    </div>
<!-- END CatalogEntryRatingsReviewsInfo.jspf -->
                                   </div>
                               <!-- Start AddToSubscriptionList.jspf --><!-- Start AddToSubscriptionList.jsp --><!-- End AddToSubscriptionList.jsp --><!-- End AddToSubscriptionList.jspf -->     
                    </div>
                            
                    
                </div>     
            </div>
            <!--ThumbnailRestriction --><!-- END CatalogEntryThumbnailDisplay.jsp -->
	                            </div>
</li>
	                         

	                            <li class="gridItem" style="min-height: 450px;">
	                                <!-- BEGIN CatalogEntryThumbnailDisplay.jsp --><!-- BEGIN MerchandisingAssociationsDisplay.jsp --><!-- Start - JSP File Name:  MerchandisingAssociationsDisplay.jsp --><!-- END MerchandisingAssociationsDisplay.jsp -->
            <div class="product  highlighted specialOffer straplineRow">
                
                <div class="productInfo">
                    <div class="productNameAndPromotions">
                        
                                  <h3>
                                    <a href="http://www.sainsburys.co.uk/shop/gb/groceries/fruit-flavoured/schweppes-lemonade-2l-6415784-p-44">
                                        Schweppes Lemonade 2L
                                        <img src="http://c2.sainsburys.co.uk/wcsstore7.20.1.145/ExtendedSitesCatalogAssetStore/images/catalog/productImages/37/5000112549737/5000112549737_L.jpeg" alt=""></a>
                                </h3>
                              
    <div class="promotion">
                   
		            <p><a href="http://www.sainsburys.co.uk/shop/PromotionDisplayView?catalogId=10241&amp;langId=44&amp;productId=89804&amp;storeId=10151&amp;promotionId=10232849"><!-- BEGIN include/PromotionStrapline.jspf -->Only Â£1.00: Save 50p<br><!-- FINISH include/PromotionStrapline.jspf --></a></p>
		                        
    </div>

                    </div> 
                </div>
                
        <div class="strapline"><a href="http://www.sainsburys.co.uk/shop/PromotionDisplayView?catalogId=10241&amp;langId=44&amp;productId=89804&amp;storeId=10151&amp;promotionId=10232849"><img src="/wcsstore7.20.1.145/SainsburysStorefrontAssetStore/wcassets/icons/special/img-special-offer.png" alt="Special Offer"></a></div>
    
                <div class="errorBanner hidden" id="error89805"></div>
                <div class="addToTrolleytabBox">   
                    <!--addToTrolleytabBox GRID VIEW --><!-- Start UserSubscribedOrNot.jspf --><!-- Start UserSubscribedOrNot.jsp --><!-- 
			If the user is not logged in, render this opening 
			DIV adding an addtional class to fix the border top which is removed 
			and replaced by the tabs
		-->
		<div class="addToTrolleytabContainer addItemBorderTop">
	<!-- End AddToSubscriptionList.jsp --><!-- End AddSubscriptionList.jspf --><!-- 
                    ATTENTION!!!
                    <div class="addToTrolleytabContainer">
                    This opening div is inside "../../ReusableObjects/UserSubscribedOrNot.jsp"
                    -->
                    <div class="pricingAndTrolleyOptions">
                    	
                                    <div class="priceTab priceTabContainer activeContainer addItem" id="addItem_89805">
                                       <div class="pricing">
                                           
	<p class="pricePerUnit">
    Â£1.00<abbr title="per">/</abbr><abbr title="unit"><span class="pricePerUnitUnit">unit</span></abbr>
</p>
 
    <p class="pricePerMeasure">Â£0.05<abbr title="per">/</abbr>100<abbr title="millilitre"><span class="pricePerMeasureMeasure">ml</span></abbr>
    </p>

                                       </div>                                      

                                     
                                        <div class="addToTrolleyForm "> 
                                           <!-- BEGIN AddToTrolley.jsp -->

		<form class="addToTrolleyForm" name="OrderItemAddForm_89805" action="OrderItemAdd" method="post" id="OrderItemAddForm_89805">
		    <input type="hidden" name="storeId" value="10151"><input type="hidden" name="langId" value="44"><input type="hidden" name="catalogId" value="10241"><input type="hidden" name="errorViewName" value="CategoryDisplayView"><input type="hidden" name="SKU_ID" value="6415784"><input type="hidden" name="itemType" value=""><label class="access" for="quantity_89804">Quantity</label>
		        
					<input name="quantity" id="quantity_89804" type="text" size="3" value="1" class="quantity"><input type="hidden" name="catEntryId" value="89805"><input type="hidden" name="productId" value="89804"><input type="hidden" name="URL" value="http://www.sainsburys.co.uk/webapp/wcs/stores/servlet/CategoryDisplay?msg=&amp;langId=44&amp;storeId=10151&amp;krypto=DCnawB4kF1P62vJKWOLl4bTQS8HvnyF3y8AtfXIJZn5ESwdXVzWXj9P3bxxViiVRGtM3Cs4oohJ1OwMiSdYs%2FHY2GfWoCOubKwB9oMlZWYtt2S95pi6owxfpfNkcRIBMQ8A0nci97P2SGzTzV6Fv7DT6ViLruLFXAHjC8cEa8C0%3D&amp;ddkey=http%3Agb%2Fgroceries%2Fdrinks%2Ffruit-flavoured"><input type="hidden" name="page" value=""><input type="hidden" name="contractId" value=""><input type="hidden" name="calculateOrder" value="1"><input type="hidden" name="calculationUsage" value="-1,-2,-3"><input type="hidden" name="updateable" value="1"><input type="hidden" name="merge" value="***"><input type="hidden" name="callAjax" value="false"><input class="button process" type="submit" name="Add" value="Add">
</form>
	<!-- END AddToTrolley.jsp -->
        <div class="numberInTrolley hidden numberInTrolley_89804" id="numberInTrolley_89804">
            
        </div>
    
                                        </div>

                                        <!-- BEGIN CatalogEntryRatingsReviewsInfo.jspf --><!-- productAllowedRatingsAndReviews: true -->
    <div class="reviews">
        
	        <a class="numberOfReviews repressive" href="http://reviews.sainsburys.co.uk//8076-en_gb/6415784-P/writereview.htm?submissionurl=http%3A%2F%2Fwww.sainsburys.co.uk%2Fwebapp%2Fwcs%2Fstores%2Fservlet%2FBVReviewSubmitDisplay%3FcatalogId%3D10241%26storeId%3D10151%26recipe%3D%26langId%3D44%26productId%3D6415784-P&amp;return=http%3A%2F%2Fwww.sainsburys.co.uk%2Fwebapp%2Fwcs%2Fstores%2Fservlet%2FAjaxApplyFilterBrowseView%3FlangId%3D44%26storeId%3D10151%26catalogId%3D10241%26categoryId%3D12392%26parent_category_rn%3D12192%26top_category%3D12192%26pageSize%3D30%26orderBy%3DFAVOURITES_ONLY%257CTOP_SELLERS%26searchTerm%3D%26beginIndex%3D0%26facet%3D88%26requesttype%3Dajax">
	    Write a review
          	</a>
        
    </div>
<!-- END CatalogEntryRatingsReviewsInfo.jspf -->
                                   </div>
                               <!-- Start AddToSubscriptionList.jspf --><!-- Start AddToSubscriptionList.jsp --><!-- End AddToSubscriptionList.jsp --><!-- End AddToSubscriptionList.jspf -->     
                    </div>
                            
                    
                </div>     
            </div>
            <!--ThumbnailRestriction --><!-- END CatalogEntryThumbnailDisplay.jsp -->
	                            </div>
</li>
	                         

	                            <li class="gridItem" style="min-height: 450px;">
	                                <!-- BEGIN CatalogEntryThumbnailDisplay.jsp --><!-- BEGIN MerchandisingAssociationsDisplay.jsp --><!-- Start - JSP File Name:  MerchandisingAssociationsDisplay.jsp --><!-- END MerchandisingAssociationsDisplay.jsp -->
            <div class="product  highlighted specialOffer straplineRow">
                
                <div class="productInfo">
                    <div class="productNameAndPromotions">
                        
                                  <h3>
                                    <a href="http://www.sainsburys.co.uk/shop/gb/groceries/fruit-flavoured/dr-pepper-zero-2l">
                                        Dr Pepper Zero 2L
                                        <img src="http://c2.sainsburys.co.uk/wcsstore7.20.1.145/ExtendedSitesCatalogAssetStore/images/catalog/productImages/42/5449000121042/5449000121042_L.jpeg" alt=""></a>
                                </h3>
                              
    <div class="promotion">
                   
		            <p><a href="http://www.sainsburys.co.uk/shop/PromotionDisplayView?catalogId=10241&amp;langId=44&amp;productId=82350&amp;storeId=10151&amp;promotionId=10232863"><!-- BEGIN include/PromotionStrapline.jspf -->Only Â£1.00: Save 60p<br><!-- FINISH include/PromotionStrapline.jspf --></a></p>
		                        
    </div>

                    </div> 
                </div>
                
        <div class="strapline"><a href="http://www.sainsburys.co.uk/shop/PromotionDisplayView?catalogId=10241&amp;langId=44&amp;productId=82350&amp;storeId=10151&amp;promotionId=10232863"><img src="/wcsstore7.20.1.145/SainsburysStorefrontAssetStore/wcassets/icons/special/img-special-offer.png" alt="Special Offer"></a></div>
    
                <div class="errorBanner hidden" id="error82351"></div>
                <div class="addToTrolleytabBox">   
                    <!--addToTrolleytabBox GRID VIEW --><!-- Start UserSubscribedOrNot.jspf --><!-- Start UserSubscribedOrNot.jsp --><!-- 
			If the user is not logged in, render this opening 
			DIV adding an addtional class to fix the border top which is removed 
			and replaced by the tabs
		-->
		<div class="addToTrolleytabContainer addItemBorderTop">
	<!-- End AddToSubscriptionList.jsp --><!-- End AddSubscriptionList.jspf --><!-- 
                    ATTENTION!!!
                    <div class="addToTrolleytabContainer">
                    This opening div is inside "../../ReusableObjects/UserSubscribedOrNot.jsp"
                    -->
                    <div class="pricingAndTrolleyOptions">
                    	
                                    <div class="priceTab priceTabContainer activeContainer addItem" id="addItem_82351">
                                       <div class="pricing">
                                           
	<p class="pricePerUnit">
    Â£1.00<abbr title="per">/</abbr><abbr title="unit"><span class="pricePerUnitUnit">unit</span></abbr>
</p>
 
    <p class="pricePerMeasure">Â£0.05<abbr title="per">/</abbr>100<abbr title="millilitre"><span class="pricePerMeasureMeasure">ml</span></abbr>
    </p>

                                       </div>                                      

                                     
                                        <div class="addToTrolleyForm "> 
                                           <!-- BEGIN AddToTrolley.jsp -->

		<form class="addToTrolleyForm" name="OrderItemAddForm_82351" action="OrderItemAdd" method="post" id="OrderItemAddForm_82351">
		    <input type="hidden" name="storeId" value="10151"><input type="hidden" name="langId" value="44"><input type="hidden" name="catalogId" value="10241"><input type="hidden" name="errorViewName" value="CategoryDisplayView"><input type="hidden" name="SKU_ID" value="3032602"><input type="hidden" name="itemType" value=""><label class="access" for="quantity_82350">Quantity</label>
		        
					<input name="quantity" id="quantity_82350" type="text" size="3" value="1" class="quantity"><input type="hidden" name="catEntryId" value="82351"><input type="hidden" name="productId" value="82350"><input type="hidden" name="URL" value="http://www.sainsburys.co.uk/webapp/wcs/stores/servlet/CategoryDisplay?msg=&amp;langId=44&amp;storeId=10151&amp;krypto=DCnawB4kF1P62vJKWOLl4bTQS8HvnyF3y8AtfXIJZn5ESwdXVzWXj9P3bxxViiVRGtM3Cs4oohJ1OwMiSdYs%2FHY2GfWoCOubKwB9oMlZWYtt2S95pi6owxfpfNkcRIBMQ8A0nci97P2SGzTzV6Fv7DT6ViLruLFXAHjC8cEa8C0%3D&amp;ddkey=http%3Agb%2Fgroceries%2Fdrinks%2Ffruit-flavoured"><input type="hidden" name="page" value=""><input type="hidden" name="contractId" value=""><input type="hidden" name="calculateOrder" value="1"><input type="hidden" name="calculationUsage" value="-1,-2,-3"><input type="hidden" name="updateable" value="1"><input type="hidden" name="merge" value="***"><input type="hidden" name="callAjax" value="false"><input class="button process" type="submit" name="Add" value="Add">
</form>
	<!-- END AddToTrolley.jsp -->
        <div class="numberInTrolley hidden numberInTrolley_82350" id="numberInTrolley_82350">
            
        </div>
    
                                        </div>

                                        <!-- BEGIN CatalogEntryRatingsReviewsInfo.jspf --><!-- productAllowedRatingsAndReviews: true -->
    <div class="reviews">
        
            <a class="numberOfReviews" href="http://www.sainsburys.co.uk/shop/gb/groceries/fruit-flavoured/dr-pepper-zero-2l#reviews">
                <img src="http://c2.sainsburys.co.uk/wcsstore7.20.1.145/SainsburysStorefrontAssetStore/img/stars/rating-5_0.gif" alt="5.0" border="0">Â  
                Reviews (1)
            </a>
        
    </div>
<!-- END CatalogEntryRatingsReviewsInfo.jspf -->
                                   </div>
                               <!-- Start AddToSubscriptionList.jspf --><!-- Start AddToSubscriptionList.jsp --><!-- End AddToSubscriptionList.jsp --><!-- End AddToSubscriptionList.jspf -->     
                    </div>
                            
                    
                </div>     
            </div>
            <!--ThumbnailRestriction --><!-- END CatalogEntryThumbnailDisplay.jsp -->
	                            </div>
</li>
	                         

	                            <li class="gridItem" style="min-height: 449px;">
	                                <!-- BEGIN CatalogEntryThumbnailDisplay.jsp --><!-- BEGIN MerchandisingAssociationsDisplay.jsp --><!-- Start - JSP File Name:  MerchandisingAssociationsDisplay.jsp --><!-- END MerchandisingAssociationsDisplay.jsp -->
            <div class="product  straplineRow">
                
                <div class="productInfo">
                    <div class="productNameAndPromotions">
                        
                                  <h3>
                                    <a href="http://www.sainsburys.co.uk/shop/gb/groceries/fruit-flavoured/dr-pepper-zero-6x330ml">
                                        Dr Pepper Zero 6x330ml
                                        <img src="http://c2.sainsburys.co.uk/wcsstore7.20.1.145/ExtendedSitesCatalogAssetStore/images/catalog/productImages/28/5449000121028/5449000121028_L.jpeg" alt=""></a>
                                </h3>
                              
                    </div> 
                </div>
                
                <div class="errorBanner hidden" id="error82573"></div>
                <div class="addToTrolleytabBox">   
                    <!--addToTrolleytabBox GRID VIEW --><!-- Start UserSubscribedOrNot.jspf --><!-- Start UserSubscribedOrNot.jsp --><!-- 
			If the user is not logged in, render this opening 
			DIV adding an addtional class to fix the border top which is removed 
			and replaced by the tabs
		-->
		<div class="addToTrolleytabContainer addItemBorderTop">
	<!-- End AddToSubscriptionList.jsp --><!-- End AddSubscriptionList.jspf --><!-- 
                    ATTENTION!!!
                    <div class="addToTrolleytabContainer">
                    This opening div is inside "../../ReusableObjects/UserSubscribedOrNot.jsp"
                    -->
                    <div class="pricingAndTrolleyOptions">
                    	
                                    <div class="priceTab priceTabContainer activeContainer addItem" id="addItem_82573">
                                       <div class="pricing">
                                           
	<p class="pricePerUnit">
    Â£3.50<abbr title="per">/</abbr><abbr title="unit"><span class="pricePerUnitUnit">unit</span></abbr>
</p>
 
    <p class="pricePerMeasure">Â£0.18<abbr title="per">/</abbr>100<abbr title="millilitre"><span class="pricePerMeasureMeasure">ml</span></abbr>
    </p>

                                       </div>                                      

                                     
                                        <div class="addToTrolleyForm "> 
                                           <!-- BEGIN AddToTrolley.jsp -->

		<form class="addToTrolleyForm" name="OrderItemAddForm_82573" action="OrderItemAdd" method="post" id="OrderItemAddForm_82573">
		    <input type="hidden" name="storeId" value="10151"><input type="hidden" name="langId" value="44"><input type="hidden" name="catalogId" value="10241"><input type="hidden" name="errorViewName" value="CategoryDisplayView"><input type="hidden" name="SKU_ID" value="3145821"><input type="hidden" name="itemType" value=""><label class="access" for="quantity_82572">Quantity</label>
		        
					<input name="quantity" id="quantity_82572" type="text" size="3" value="1" class="quantity"><input type="hidden" name="catEntryId" value="82573"><input type="hidden" name="productId" value="82572"><input type="hidden" name="URL" value="http://www.sainsburys.co.uk/webapp/wcs/stores/servlet/CategoryDisplay?msg=&amp;langId=44&amp;storeId=10151&amp;krypto=DCnawB4kF1P62vJKWOLl4bTQS8HvnyF3y8AtfXIJZn5ESwdXVzWXj9P3bxxViiVRGtM3Cs4oohJ1OwMiSdYs%2FHY2GfWoCOubKwB9oMlZWYtt2S95pi6owxfpfNkcRIBMQ8A0nci97P2SGzTzV6Fv7DT6ViLruLFXAHjC8cEa8C0%3D&amp;ddkey=http%3Agb%2Fgroceries%2Fdrinks%2Ffruit-flavoured"><input type="hidden" name="page" value=""><input type="hidden" name="contractId" value=""><input type="hidden" name="calculateOrder" value="1"><input type="hidden" name="calculationUsage" value="-1,-2,-3"><input type="hidden" name="updateable" value="1"><input type="hidden" name="merge" value="***"><input type="hidden" name="callAjax" value="false"><input class="button process" type="submit" name="Add" value="Add">
</form>
	<!-- END AddToTrolley.jsp -->
        <div class="numberInTrolley hidden numberInTrolley_82572" id="numberInTrolley_82572">
            
        </div>
    
                                        </div>

                                        <!-- BEGIN CatalogEntryRatingsReviewsInfo.jspf --><!-- productAllowedRatingsAndReviews: true -->
    <div class="reviews">
        
            <a class="numberOfReviews" href="http://www.sainsburys.co.uk/shop/gb/groceries/fruit-flavoured/dr-pepper-zero-6x330ml#reviews">
                <img src="http://c2.sainsburys.co.uk/wcsstore7.20.1.145/SainsburysStorefrontAssetStore/img/stars/rating-5_0.gif" alt="5.0" border="0">Â  
                Reviews (1)
            </a>
        
    </div>
<!-- END CatalogEntryRatingsReviewsInfo.jspf -->
                                   </div>
                               <!-- Start AddToSubscriptionList.jspf --><!-- Start AddToSubscriptionList.jsp --><!-- End AddToSubscriptionList.jsp --><!-- End AddToSubscriptionList.jspf -->     
                    </div>
                            
                    
                </div>     
            </div>
            <!--ThumbnailRestriction --><!-- END CatalogEntryThumbnailDisplay.jsp -->
	                            </div>
</li>
	                         

	                            <li class="gridItem" style="min-height: 449px;">
	                                <!-- BEGIN CatalogEntryThumbnailDisplay.jsp --><!-- BEGIN MerchandisingAssociationsDisplay.jsp --><!-- Start - JSP File Name:  MerchandisingAssociationsDisplay.jsp --><!-- END MerchandisingAssociationsDisplay.jsp -->
            <div class="product  highlighted specialOffer straplineRow">
                
                <div class="productInfo">
                    <div class="productNameAndPromotions">
                        
                                  <h3>
                                    <a href="http://www.sainsburys.co.uk/shop/gb/groceries/fruit-flavoured/fanta-fruit-twist-drink-2l">
                                        Fanta Fruit Twist Drink 2L
                                        <img src="http://c2.sainsburys.co.uk/wcsstore7.20.1.145/ExtendedSitesCatalogAssetStore/images/catalog/productImages/56/5449000042156/5449000042156_L.jpeg" alt=""></a>
                                </h3>
                              
    <div class="promotion">
                   
		            <p><a href="http://www.sainsburys.co.uk/shop/PromotionDisplayView?catalogId=10241&amp;langId=44&amp;productId=84464&amp;storeId=10151&amp;promotionId=10232863"><!-- BEGIN include/PromotionStrapline.jspf -->Only Â£1.00: Save 60p<br><!-- FINISH include/PromotionStrapline.jspf --></a></p>
		                        
    </div>

                    </div> 
                </div>
                
        <div class="strapline"><a href="http://www.sainsburys.co.uk/shop/PromotionDisplayView?catalogId=10241&amp;langId=44&amp;productId=84464&amp;storeId=10151&amp;promotionId=10232863"><img src="/wcsstore7.20.1.145/SainsburysStorefrontAssetStore/wcassets/icons/special/img-special-offer.png" alt="Special Offer"></a></div>
    
                <div class="errorBanner hidden" id="error84465"></div>
                <div class="addToTrolleytabBox">   
                    <!--addToTrolleytabBox GRID VIEW --><!-- Start UserSubscribedOrNot.jspf --><!-- Start UserSubscribedOrNot.jsp --><!-- 
			If the user is not logged in, render this opening 
			DIV adding an addtional class to fix the border top which is removed 
			and replaced by the tabs
		-->
		<div class="addToTrolleytabContainer addItemBorderTop">
	<!-- End AddToSubscriptionList.jsp --><!-- End AddSubscriptionList.jspf --><!-- 
                    ATTENTION!!!
                    <div class="addToTrolleytabContainer">
                    This opening div is inside "../../ReusableObjects/UserSubscribedOrNot.jsp"
                    -->
                    <div class="pricingAndTrolleyOptions">
                    	
                                    <div class="priceTab priceTabContainer activeContainer addItem" id="addItem_84465">
                                       <div class="pricing">
                                           
	<p class="pricePerUnit">
    Â£1.00<abbr title="per">/</abbr><abbr title="unit"><span class="pricePerUnitUnit">unit</span></abbr>
</p>
 
    <p class="pricePerMeasure">Â£0.05<abbr title="per">/</abbr>100<abbr title="millilitre"><span class="pricePerMeasureMeasure">ml</span></abbr>
    </p>

                                       </div>                                      

                                     
                                        <div class="addToTrolleyForm "> 
                                           <!-- BEGIN AddToTrolley.jsp -->

		<form class="addToTrolleyForm" name="OrderItemAddForm_84465" action="OrderItemAdd" method="post" id="OrderItemAddForm_84465">
		    <input type="hidden" name="storeId" value="10151"><input type="hidden" name="langId" value="44"><input type="hidden" name="catalogId" value="10241"><input type="hidden" name="errorViewName" value="CategoryDisplayView"><input type="hidden" name="SKU_ID" value="3883242"><input type="hidden" name="itemType" value=""><label class="access" for="quantity_84464">Quantity</label>
		        
					<input name="quantity" id="quantity_84464" type="text" size="3" value="1" class="quantity"><input type="hidden" name="catEntryId" value="84465"><input type="hidden" name="productId" value="84464"><input type="hidden" name="URL" value="http://www.sainsburys.co.uk/webapp/wcs/stores/servlet/CategoryDisplay?msg=&amp;langId=44&amp;storeId=10151&amp;krypto=DCnawB4kF1P62vJKWOLl4bTQS8HvnyF3y8AtfXIJZn5ESwdXVzWXj9P3bxxViiVRGtM3Cs4oohJ1OwMiSdYs%2FHY2GfWoCOubKwB9oMlZWYtt2S95pi6owxfpfNkcRIBMQ8A0nci97P2SGzTzV6Fv7DT6ViLruLFXAHjC8cEa8C0%3D&amp;ddkey=http%3Agb%2Fgroceries%2Fdrinks%2Ffruit-flavoured"><input type="hidden" name="page" value=""><input type="hidden" name="contractId" value=""><input type="hidden" name="calculateOrder" value="1"><input type="hidden" name="calculationUsage" value="-1,-2,-3"><input type="hidden" name="updateable" value="1"><input type="hidden" name="merge" value="***"><input type="hidden" name="callAjax" value="false"><input class="button process" type="submit" name="Add" value="Add">
</form>
	<!-- END AddToTrolley.jsp -->
        <div class="numberInTrolley hidden numberInTrolley_84464" id="numberInTrolley_84464">
            
        </div>
    
                                        </div>

                                        <!-- BEGIN CatalogEntryRatingsReviewsInfo.jspf --><!-- productAllowedRatingsAndReviews: true -->
    <div class="reviews">
        
	        <a class="numberOfReviews repressive" href="http://reviews.sainsburys.co.uk//8076-en_gb/3883242-P/writereview.htm?submissionurl=http%3A%2F%2Fwww.sainsburys.co.uk%2Fwebapp%2Fwcs%2Fstores%2Fservlet%2FBVReviewSubmitDisplay%3FcatalogId%3D10241%26storeId%3D10151%26recipe%3D%26langId%3D44%26productId%3D3883242-P&amp;return=http%3A%2F%2Fwww.sainsburys.co.uk%2Fwebapp%2Fwcs%2Fstores%2Fservlet%2FAjaxApplyFilterBrowseView%3FlangId%3D44%26storeId%3D10151%26catalogId%3D10241%26categoryId%3D12392%26parent_category_rn%3D12192%26top_category%3D12192%26pageSize%3D30%26orderBy%3DFAVOURITES_ONLY%257CTOP_SELLERS%26searchTerm%3D%26beginIndex%3D0%26facet%3D88%26requesttype%3Dajax">
	    Write a review
          	</a>
        
    </div>
<!-- END CatalogEntryRatingsReviewsInfo.jspf -->
                                   </div>
                               <!-- Start AddToSubscriptionList.jspf --><!-- Start AddToSubscriptionList.jsp --><!-- End AddToSubscriptionList.jsp --><!-- End AddToSubscriptionList.jspf -->     
                    </div>
                            
                    
                </div>     
            </div>
            <!--ThumbnailRestriction --><!-- END CatalogEntryThumbnailDisplay.jsp -->
	                            </div>
</li>
	                         

	                            <li class="gridItem" style="min-height: 449px;">
	                                <!-- BEGIN CatalogEntryThumbnailDisplay.jsp --><!-- BEGIN MerchandisingAssociationsDisplay.jsp --><!-- Start - JSP File Name:  MerchandisingAssociationsDisplay.jsp --><!-- END MerchandisingAssociationsDisplay.jsp -->
            <div class="product  highlighted specialOffer straplineRow">
                
                <div class="productInfo">
                    <div class="productNameAndPromotions">
                        
                                  <h3>
                                    <a href="http://www.sainsburys.co.uk/shop/gb/groceries/fruit-flavoured/7up-6x330ml">
                                        7UP 6x330ml
                                        <img src="http://c2.sainsburys.co.uk/wcsstore7.20.1.145/ExtendedSitesCatalogAssetStore/images/catalog/productImages/26/8717700002426/8717700002426_L.jpeg" alt=""></a>
                                </h3>
                              
    <div class="promotion">
                   
		            <p><a href="http://www.sainsburys.co.uk/shop/PromotionDisplayView?catalogId=10241&amp;langId=44&amp;productId=80998&amp;storeId=10151&amp;promotionId=10232931"><!-- BEGIN include/PromotionStrapline.jspf -->Only Â£2.50: Save 50p<br><!-- FINISH include/PromotionStrapline.jspf --></a></p>
		                        
    </div>

                    </div> 
                </div>
                
        <div class="strapline"><a href="http://www.sainsburys.co.uk/shop/PromotionDisplayView?catalogId=10241&amp;langId=44&amp;productId=80998&amp;storeId=10151&amp;promotionId=10232931"><img src="/wcsstore7.20.1.145/SainsburysStorefrontAssetStore/wcassets/icons/special/img-special-offer.png" alt="Special Offer"></a></div>
    
                <div class="errorBanner hidden" id="error80999"></div>
                <div class="addToTrolleytabBox">   
                    <!--addToTrolleytabBox GRID VIEW --><!-- Start UserSubscribedOrNot.jspf --><!-- Start UserSubscribedOrNot.jsp --><!-- 
			If the user is not logged in, render this opening 
			DIV adding an addtional class to fix the border top which is removed 
			and replaced by the tabs
		-->
		<div class="addToTrolleytabContainer addItemBorderTop">
	<!-- End AddToSubscriptionList.jsp --><!-- End AddSubscriptionList.jspf --><!-- 
                    ATTENTION!!!
                    <div class="addToTrolleytabContainer">
                    This opening div is inside "../../ReusableObjects/UserSubscribedOrNot.jsp"
                    -->
                    <div class="pricingAndTrolleyOptions">
                    	
                                    <div class="priceTab priceTabContainer activeContainer addItem" id="addItem_80999">
                                       <div class="pricing">
                                           
	<p class="pricePerUnit">
    Â£2.50<abbr title="per">/</abbr><abbr title="unit"><span class="pricePerUnitUnit">unit</span></abbr>
</p>
 
    <p class="pricePerMeasure">Â£0.12<abbr title="per">/</abbr>100<abbr title="millilitre"><span class="pricePerMeasureMeasure">ml</span></abbr>
    </p>

                                       </div>                                      

                                     
                                        <div class="addToTrolleyForm "> 
                                           <!-- BEGIN AddToTrolley.jsp -->

		<form class="addToTrolleyForm" name="OrderItemAddForm_80999" action="OrderItemAdd" method="post" id="OrderItemAddForm_80999">
		    <input type="hidden" name="storeId" value="10151"><input type="hidden" name="langId" value="44"><input type="hidden" name="catalogId" value="10241"><input type="hidden" name="errorViewName" value="CategoryDisplayView"><input type="hidden" name="SKU_ID" value="2287355"><input type="hidden" name="itemType" value=""><label class="access" for="quantity_80998">Quantity</label>
		        
					<input name="quantity" id="quantity_80998" type="text" size="3" value="1" class="quantity"><input type="hidden" name="catEntryId" value="80999"><input type="hidden" name="productId" value="80998"><input type="hidden" name="URL" value="http://www.sainsburys.co.uk/webapp/wcs/stores/servlet/CategoryDisplay?msg=&amp;langId=44&amp;storeId=10151&amp;krypto=DCnawB4kF1P62vJKWOLl4bTQS8HvnyF3y8AtfXIJZn5ESwdXVzWXj9P3bxxViiVRGtM3Cs4oohJ1OwMiSdYs%2FHY2GfWoCOubKwB9oMlZWYtt2S95pi6owxfpfNkcRIBMQ8A0nci97P2SGzTzV6Fv7DT6ViLruLFXAHjC8cEa8C0%3D&amp;ddkey=http%3Agb%2Fgroceries%2Fdrinks%2Ffruit-flavoured"><input type="hidden" name="page" value=""><input type="hidden" name="contractId" value=""><input type="hidden" name="calculateOrder" value="1"><input type="hidden" name="calculationUsage" value="-1,-2,-3"><input type="hidden" name="updateable" value="1"><input type="hidden" name="merge" value="***"><input type="hidden" name="callAjax" value="false"><input class="button process" type="submit" name="Add" value="Add">
</form>
	<!-- END AddToTrolley.jsp -->
        <div class="numberInTrolley hidden numberInTrolley_80998" id="numberInTrolley_80998">
            
        </div>
    
                                        </div>

                                        <!-- BEGIN CatalogEntryRatingsReviewsInfo.jspf --><!-- productAllowedRatingsAndReviews: true -->
    <div class="reviews">
        
	        <a class="numberOfReviews repressive" href="http://reviews.sainsburys.co.uk//8076-en_gb/2287355-P/writereview.htm?submissionurl=http%3A%2F%2Fwww.sainsburys.co.uk%2Fwebapp%2Fwcs%2Fstores%2Fservlet%2FBVReviewSubmitDisplay%3FcatalogId%3D10241%26storeId%3D10151%26recipe%3D%26langId%3D44%26productId%3D2287355-P&amp;return=http%3A%2F%2Fwww.sainsburys.co.uk%2Fwebapp%2Fwcs%2Fstores%2Fservlet%2FAjaxApplyFilterBrowseView%3FlangId%3D44%26storeId%3D10151%26catalogId%3D10241%26categoryId%3D12392%26parent_category_rn%3D12192%26top_category%3D12192%26pageSize%3D30%26orderBy%3DFAVOURITES_ONLY%257CTOP_SELLERS%26searchTerm%3D%26beginIndex%3D0%26facet%3D88%26requesttype%3Dajax">
	    Write a review
          	</a>
        
    </div>
<!-- END CatalogEntryRatingsReviewsInfo.jspf -->
                                   </div>
                               <!-- Start AddToSubscriptionList.jspf --><!-- Start AddToSubscriptionList.jsp --><!-- End AddToSubscriptionList.jsp --><!-- End AddToSubscriptionList.jspf -->     
                    </div>
                            
                    
                </div>     
            </div>
            <!--ThumbnailRestriction --><!-- END CatalogEntryThumbnailDisplay.jsp -->
	                            </div>
</li>
	                         

	                            <li class="gridItem" style="min-height: 519px;">
	                                <!-- BEGIN CatalogEntryThumbnailDisplay.jsp --><!-- BEGIN MerchandisingAssociationsDisplay.jsp --><!-- Start - JSP File Name:  MerchandisingAssociationsDisplay.jsp --><!-- END MerchandisingAssociationsDisplay.jsp -->
            <div class="product  highlighted specialOffer straplineRow">
                
                <div class="productInfo">
                    <div class="productNameAndPromotions">
                        
                                  <h3>
                                    <a href="http://www.sainsburys.co.uk/shop/gb/groceries/fruit-flavoured/lucozade-sparkling-glucose-drink--orange-barley-crush-1l">
                                        Lucozade Energy Orange 1L
                                        <img src="http://c2.sainsburys.co.uk/wcsstore7.20.1.145/ExtendedSitesCatalogAssetStore/images/catalog/productImages/93/5054267000193/5054267000193_L.jpeg" alt=""></a>
                                </h3>
                              
    <div class="promotion">
                   
		            <p><a href="http://www.sainsburys.co.uk/shop/PromotionDisplayView?catalogId=10241&amp;langId=44&amp;productId=38704&amp;storeId=10151&amp;promotionId=10232919"><!-- BEGIN include/PromotionStrapline.jspf -->Only Â£1.00: Save 50p<br><!-- FINISH include/PromotionStrapline.jspf --></a></p>
		                        
    </div>

                    </div> 
                </div>
                
        <div class="strapline"><a href="http://www.sainsburys.co.uk/shop/PromotionDisplayView?catalogId=10241&amp;langId=44&amp;productId=38704&amp;storeId=10151&amp;promotionId=10232919"><img src="/wcsstore7.20.1.145/SainsburysStorefrontAssetStore/wcassets/icons/special/img-special-offer.png" alt="Special Offer"></a></div>
    
                <div class="errorBanner hidden" id="error38705"></div>
                <div class="addToTrolleytabBox">   
                    <!--addToTrolleytabBox GRID VIEW --><!-- Start UserSubscribedOrNot.jspf --><!-- Start UserSubscribedOrNot.jsp --><!-- 
			If the user is not logged in, render this opening 
			DIV adding an addtional class to fix the border top which is removed 
			and replaced by the tabs
		-->
		<div class="addToTrolleytabContainer addItemBorderTop">
	<!-- End AddToSubscriptionList.jsp --><!-- End AddSubscriptionList.jspf --><!-- 
                    ATTENTION!!!
                    <div class="addToTrolleytabContainer">
                    This opening div is inside "../../ReusableObjects/UserSubscribedOrNot.jsp"
                    -->
                    <div class="pricingAndTrolleyOptions">
                    	
                                    <div class="priceTab priceTabContainer activeContainer addItem" id="addItem_38705">
                                       <div class="pricing">
                                           
	<p class="pricePerUnit">
    Â£1.00<abbr title="per">/</abbr><abbr title="unit"><span class="pricePerUnitUnit">unit</span></abbr>
</p>
 
    <p class="pricePerMeasure">Â£0.10<abbr title="per">/</abbr>100<abbr title="millilitre"><span class="pricePerMeasureMeasure">ml</span></abbr>
    </p>

                                       </div>                                      

                                     
                                        <div class="addToTrolleyForm "> 
                                           <!-- BEGIN AddToTrolley.jsp -->

		<form class="addToTrolleyForm" name="OrderItemAddForm_38705" action="OrderItemAdd" method="post" id="OrderItemAddForm_38705">
		    <input type="hidden" name="storeId" value="10151"><input type="hidden" name="langId" value="44"><input type="hidden" name="catalogId" value="10241"><input type="hidden" name="errorViewName" value="CategoryDisplayView"><input type="hidden" name="SKU_ID" value="2213910"><input type="hidden" name="itemType" value=""><label class="access" for="quantity_38704">Quantity</label>
		        
					<input name="quantity" id="quantity_38704" type="text" size="3" value="1" class="quantity"><input type="hidden" name="catEntryId" value="38705"><input type="hidden" name="productId" value="38704"><input type="hidden" name="URL" value="http://www.sainsburys.co.uk/webapp/wcs/stores/servlet/CategoryDisplay?msg=&amp;langId=44&amp;storeId=10151&amp;krypto=DCnawB4kF1P62vJKWOLl4bTQS8HvnyF3y8AtfXIJZn5ESwdXVzWXj9P3bxxViiVRGtM3Cs4oohJ1OwMiSdYs%2FHY2GfWoCOubKwB9oMlZWYtt2S95pi6owxfpfNkcRIBMQ8A0nci97P2SGzTzV6Fv7DT6ViLruLFXAHjC8cEa8C0%3D&amp;ddkey=http%3Agb%2Fgroceries%2Fdrinks%2Ffruit-flavoured"><input type="hidden" name="page" value=""><input type="hidden" name="contractId" value=""><input type="hidden" name="calculateOrder" value="1"><input type="hidden" name="calculationUsage" value="-1,-2,-3"><input type="hidden" name="updateable" value="1"><input type="hidden" name="merge" value="***"><input type="hidden" name="callAjax" value="false"><input class="button process" type="submit" name="Add" value="Add">
</form>
	<!-- END AddToTrolley.jsp -->
        <div class="numberInTrolley hidden numberInTrolley_38704" id="numberInTrolley_38704">
            
        </div>
    
                                        </div>

                                        <!-- BEGIN CatalogEntryRatingsReviewsInfo.jspf --><!-- productAllowedRatingsAndReviews: true -->
    <div class="reviews">
        
	        <a class="numberOfReviews repressive" href="http://reviews.sainsburys.co.uk//8076-en_gb/2213910-P/writereview.htm?submissionurl=http%3A%2F%2Fwww.sainsburys.co.uk%2Fwebapp%2Fwcs%2Fstores%2Fservlet%2FBVReviewSubmitDisplay%3FcatalogId%3D10241%26storeId%3D10151%26recipe%3D%26langId%3D44%26productId%3D2213910-P&amp;return=http%3A%2F%2Fwww.sainsburys.co.uk%2Fwebapp%2Fwcs%2Fstores%2Fservlet%2FAjaxApplyFilterBrowseView%3FlangId%3D44%26storeId%3D10151%26catalogId%3D10241%26categoryId%3D12392%26parent_category_rn%3D12192%26top_category%3D12192%26pageSize%3D30%26orderBy%3DFAVOURITES_ONLY%257CTOP_SELLERS%26searchTerm%3D%26beginIndex%3D0%26facet%3D88%26requesttype%3Dajax">
	    Write a review
          	</a>
        
    </div>
<!-- END CatalogEntryRatingsReviewsInfo.jspf -->
                                   </div>
                               <!-- Start AddToSubscriptionList.jspf --><!-- Start AddToSubscriptionList.jsp --><!-- End AddToSubscriptionList.jsp --><!-- End AddToSubscriptionList.jspf -->     
                    </div>
                            
                    
                </div>     
            </div>
            <!--ThumbnailRestriction --><!-- END CatalogEntryThumbnailDisplay.jsp -->
	                            </div>
</li>
	                         

	                            <li class="gridItem" style="min-height: 519px;">
	                                <!-- BEGIN CatalogEntryThumbnailDisplay.jsp --><!-- BEGIN MerchandisingAssociationsDisplay.jsp --><!-- Start - JSP File Name:  MerchandisingAssociationsDisplay.jsp --><!-- END MerchandisingAssociationsDisplay.jsp -->
            <div class="product  straplineRow">
                
                <div class="productInfo">
                    <div class="productNameAndPromotions">
                        
                                  <h3>
                                    <a href="http://www.sainsburys.co.uk/shop/gb/groceries/fruit-flavoured/san-pellegrino-orange-6x330ml">
                                        San Pellegrino Aranciata, Italian Sparkling Orange 6x330ml
                                        <img src="http://c2.sainsburys.co.uk/wcsstore7.20.1.145/ExtendedSitesCatalogAssetStore/images/catalog/productImages/71/8002270166471/8002270166471_L.jpeg" alt=""></a>
                                </h3>
                              
                    </div> 
                </div>
                
                <div class="errorBanner hidden" id="error100021"></div>
                <div class="addToTrolleytabBox">   
                    <!--addToTrolleytabBox GRID VIEW --><!-- Start UserSubscribedOrNot.jspf --><!-- Start UserSubscribedOrNot.jsp --><!-- 
			If the user is not logged in, render this opening 
			DIV adding an addtional class to fix the border top which is removed 
			and replaced by the tabs
		-->
		<div class="addToTrolleytabContainer addItemBorderTop">
	<!-- End AddToSubscriptionList.jsp --><!-- End AddSubscriptionList.jspf --><!-- 
                    ATTENTION!!!
                    <div class="addToTrolleytabContainer">
                    This opening div is inside "../../ReusableObjects/UserSubscribedOrNot.jsp"
                    -->
                    <div class="pricingAndTrolleyOptions">
                    	
                                    <div class="priceTab priceTabContainer activeContainer addItem" id="addItem_100021">
                                       <div class="pricing">
                                           
	<p class="pricePerUnit">
    Â£4.40<abbr title="per">/</abbr><abbr title="unit"><span class="pricePerUnitUnit">unit</span></abbr>
</p>
 
    <p class="pricePerMeasure">Â£0.22<abbr title="per">/</abbr>100<abbr title="millilitre"><span class="pricePerMeasureMeasure">ml</span></abbr>
    </p>

                                       </div>                                      

                                     
                                        <div class="addToTrolleyForm "> 
                                           <!-- BEGIN AddToTrolley.jsp -->

		<form class="addToTrolleyForm" name="OrderItemAddForm_100021" action="OrderItemAdd" method="post" id="OrderItemAddForm_100021">
		    <input type="hidden" name="storeId" value="10151"><input type="hidden" name="langId" value="44"><input type="hidden" name="catalogId" value="10241"><input type="hidden" name="errorViewName" value="CategoryDisplayView"><input type="hidden" name="SKU_ID" value="7471641"><input type="hidden" name="itemType" value=""><label class="access" for="quantity_100020">Quantity</label>
		        
					<input name="quantity" id="quantity_100020" type="text" size="3" value="1" class="quantity"><input type="hidden" name="catEntryId" value="100021"><input type="hidden" name="productId" value="100020"><input type="hidden" name="URL" value="http://www.sainsburys.co.uk/webapp/wcs/stores/servlet/CategoryDisplay?msg=&amp;langId=44&amp;storeId=10151&amp;krypto=DCnawB4kF1P62vJKWOLl4bTQS8HvnyF3y8AtfXIJZn5ESwdXVzWXj9P3bxxViiVRGtM3Cs4oohJ1OwMiSdYs%2FHY2GfWoCOubKwB9oMlZWYtt2S95pi6owxfpfNkcRIBMQ8A0nci97P2SGzTzV6Fv7DT6ViLruLFXAHjC8cEa8C0%3D&amp;ddkey=http%3Agb%2Fgroceries%2Fdrinks%2Ffruit-flavoured"><input type="hidden" name="page" value=""><input type="hidden" name="contractId" value=""><input type="hidden" name="calculateOrder" value="1"><input type="hidden" name="calculationUsage" value="-1,-2,-3"><input type="hidden" name="updateable" value="1"><input type="hidden" name="merge" value="***"><input type="hidden" name="callAjax" value="false"><input class="button process" type="submit" name="Add" value="Add">
</form>
	<!-- END AddToTrolley.jsp -->
        <div class="numberInTrolley hidden numberInTrolley_100020" id="numberInTrolley_100020">
            
        </div>
    
                                        </div>

                                        <!-- BEGIN CatalogEntryRatingsReviewsInfo.jspf --><!-- productAllowedRatingsAndReviews: true -->
    <div class="reviews">
        
            <a class="numberOfReviews" href="http://www.sainsburys.co.uk/shop/gb/groceries/fruit-flavoured/san-pellegrino-orange-6x330ml#reviews">
                <img src="http://c2.sainsburys.co.uk/wcsstore7.20.1.145/SainsburysStorefrontAssetStore/img/stars/rating-5_0.gif" alt="5.0" border="0">Â  
                Reviews (3)
            </a>
        
    </div>
<!-- END CatalogEntryRatingsReviewsInfo.jspf -->
                                   </div>
                               <!-- Start AddToSubscriptionList.jspf --><!-- Start AddToSubscriptionList.jsp --><!-- End AddToSubscriptionList.jsp --><!-- End AddToSubscriptionList.jspf -->     
                    </div>
                            
                    
                </div>     
            </div>
            <!--ThumbnailRestriction --><!-- END CatalogEntryThumbnailDisplay.jsp -->
	                            </div>
</li>
	                         

	                            <li class="gridItem" style="min-height: 519px;">
	                                <!-- BEGIN CatalogEntryThumbnailDisplay.jsp --><!-- BEGIN MerchandisingAssociationsDisplay.jsp --><!-- Start - JSP File Name:  MerchandisingAssociationsDisplay.jsp --><!-- END MerchandisingAssociationsDisplay.jsp -->
            <div class="product  straplineRow">
                
                <div class="productInfo">
                    <div class="productNameAndPromotions">
                        
                                  <h3>
                                    <a href="http://www.sainsburys.co.uk/shop/gb/groceries/fruit-flavoured/sainsburys-pink-lemonade--zero-added-sugar-2l">
                                        Sainsbury's Pink Lemonade, Zero Added Sugar 2L
                                        <img src="http://c2.sainsburys.co.uk/wcsstore7.20.1.145/ExtendedSitesCatalogAssetStore/images/catalog/productImages/93/0000001828993/0000001828993_L.jpeg" alt=""></a>
                                </h3>
                              
                    </div> 
                </div>
                
                <div class="errorBanner hidden" id="error103529"></div>
                <div class="addToTrolleytabBox">   
                    <!--addToTrolleytabBox GRID VIEW --><!-- Start UserSubscribedOrNot.jspf --><!-- Start UserSubscribedOrNot.jsp --><!-- 
			If the user is not logged in, render this opening 
			DIV adding an addtional class to fix the border top which is removed 
			and replaced by the tabs
		-->
		<div class="addToTrolleytabContainer addItemBorderTop">
	<!-- End AddToSubscriptionList.jsp --><!-- End AddSubscriptionList.jspf --><!-- 
                    ATTENTION!!!
                    <div class="addToTrolleytabContainer">
                    This opening div is inside "../../ReusableObjects/UserSubscribedOrNot.jsp"
                    -->
                    <div class="pricingAndTrolleyOptions">
                    	
                                    <div class="priceTab priceTabContainer activeContainer addItem" id="addItem_103529">
                                       <div class="pricing">
                                           
	<p class="pricePerUnit">
    Â£0.65<abbr title="per">/</abbr><abbr title="unit"><span class="pricePerUnitUnit">unit</span></abbr>
</p>
 
    <p class="pricePerMeasure">Â£0.03<abbr title="per">/</abbr>100<abbr title="millilitre"><span class="pricePerMeasureMeasure">ml</span></abbr>
    </p>

                                       </div>                                      

                                     
                                        <div class="addToTrolleyForm "> 
                                           <!-- BEGIN AddToTrolley.jsp -->

		<form class="addToTrolleyForm" name="OrderItemAddForm_103529" action="OrderItemAdd" method="post" id="OrderItemAddForm_103529">
		    <input type="hidden" name="storeId" value="10151"><input type="hidden" name="langId" value="44"><input type="hidden" name="catalogId" value="10241"><input type="hidden" name="errorViewName" value="CategoryDisplayView"><input type="hidden" name="SKU_ID" value="7547094"><input type="hidden" name="itemType" value=""><label class="access" for="quantity_103528">Quantity</label>
		        
					<input name="quantity" id="quantity_103528" type="text" size="3" value="1" class="quantity"><input type="hidden" name="catEntryId" value="103529"><input type="hidden" name="productId" value="103528"><input type="hidden" name="URL" value="http://www.sainsburys.co.uk/webapp/wcs/stores/servlet/CategoryDisplay?msg=&amp;langId=44&amp;storeId=10151&amp;krypto=DCnawB4kF1P62vJKWOLl4bTQS8HvnyF3y8AtfXIJZn5ESwdXVzWXj9P3bxxViiVRGtM3Cs4oohJ1OwMiSdYs%2FHY2GfWoCOubKwB9oMlZWYtt2S95pi6owxfpfNkcRIBMQ8A0nci97P2SGzTzV6Fv7DT6ViLruLFXAHjC8cEa8C0%3D&amp;ddkey=http%3Agb%2Fgroceries%2Fdrinks%2Ffruit-flavoured"><input type="hidden" name="page" value=""><input type="hidden" name="contractId" value=""><input type="hidden" name="calculateOrder" value="1"><input type="hidden" name="calculationUsage" value="-1,-2,-3"><input type="hidden" name="updateable" value="1"><input type="hidden" name="merge" value="***"><input type="hidden" name="callAjax" value="false"><input class="button process" type="submit" name="Add" value="Add">
</form>
	<!-- END AddToTrolley.jsp -->
        <div class="numberInTrolley hidden numberInTrolley_103528" id="numberInTrolley_103528">
            
        </div>
    
                                        </div>

                                        <!-- BEGIN CatalogEntryRatingsReviewsInfo.jspf --><!-- productAllowedRatingsAndReviews: true -->
    <div class="reviews">
        
            <a class="numberOfReviews" href="http://www.sainsburys.co.uk/shop/gb/groceries/fruit-flavoured/sainsburys-pink-lemonade--zero-added-sugar-2l#reviews">
                <img src="http://c2.sainsburys.co.uk/wcsstore7.20.1.145/SainsburysStorefrontAssetStore/img/stars/rating-2_4.gif" alt="2.4286" border="0">Â  
                Reviews (7)
            </a>
        
    </div>
<!-- END CatalogEntryRatingsReviewsInfo.jspf -->
                                   </div>
                               <!-- Start AddToSubscriptionList.jspf --><!-- Start AddToSubscriptionList.jsp --><!-- End AddToSubscriptionList.jsp --><!-- End AddToSubscriptionList.jspf -->     
                    </div>
                            
                    
    
    <div class="badges">
        <ul>
<li>

                        
                        
                        <img src="/wcsstore7.20.1.145/SainsburysStorefrontAssetStore/wcassets/icons/ico_spacer.gif" alt="Vegetarian">
</li>
                
                    
                    
                    
                     <li class="lastchild">

                        
                        
                        <img src="/wcsstore7.20.1.145/SainsburysStorefrontAssetStore/wcassets/icons/ico_spacer.gif" alt="Vegan">
</li>
                
        </ul>
</div>

                </div>     
            </div>
            <!--ThumbnailRestriction --><!-- END CatalogEntryThumbnailDisplay.jsp -->
	                            </div>
</li>
	                         

	                            <li class="gridItem" style="min-height: 477px;">
	                                <!-- BEGIN CatalogEntryThumbnailDisplay.jsp --><!-- BEGIN MerchandisingAssociationsDisplay.jsp --><!-- Start - JSP File Name:  MerchandisingAssociationsDisplay.jsp --><!-- END MerchandisingAssociationsDisplay.jsp -->
            <div class="product ">
                
                <div class="productInfo">
                    <div class="productNameAndPromotions">
                        
                                  <h3>
                                    <a href="http://www.sainsburys.co.uk/shop/gb/groceries/fruit-flavoured/dr-pepper-sparkling-drink-6x330ml">
                                        Dr Pepper Sparkling Drink 6x330ml
                                        <img src="http://c2.sainsburys.co.uk/wcsstore7.20.1.145/ExtendedSitesCatalogAssetStore/images/catalog/productImages/79/5000193947279/5000193947279_L.jpeg" alt=""></a>
                                </h3>
                              
                    </div> 
                </div>
                
                <div class="errorBanner hidden" id="error82185"></div>
                <div class="addToTrolleytabBox">   
                    <!--addToTrolleytabBox GRID VIEW --><!-- Start UserSubscribedOrNot.jspf --><!-- Start UserSubscribedOrNot.jsp --><!-- 
			If the user is not logged in, render this opening 
			DIV adding an addtional class to fix the border top which is removed 
			and replaced by the tabs
		-->
		<div class="addToTrolleytabContainer addItemBorderTop">
	<!-- End AddToSubscriptionList.jsp --><!-- End AddSubscriptionList.jspf --><!-- 
                    ATTENTION!!!
                    <div class="addToTrolleytabContainer">
                    This opening div is inside "../../ReusableObjects/UserSubscribedOrNot.jsp"
                    -->
                    <div class="pricingAndTrolleyOptions">
                    	
                                    <div class="priceTab priceTabContainer activeContainer addItem" id="addItem_82185">
                                       <div class="pricing">
                                           
	<p class="pricePerUnit">
    Â£3.50<abbr title="per">/</abbr><abbr title="unit"><span class="pricePerUnitUnit">unit</span></abbr>
</p>
 
    <p class="pricePerMeasure">Â£0.18<abbr title="per">/</abbr>100<abbr title="millilitre"><span class="pricePerMeasureMeasure">ml</span></abbr>
    </p>

                                       </div>                                      

                                     
                                        <div class="addToTrolleyForm "> 
                                           <!-- BEGIN AddToTrolley.jsp -->

		<form class="addToTrolleyForm" name="OrderItemAddForm_82185" action="OrderItemAdd" method="post" id="OrderItemAddForm_82185">
		    <input type="hidden" name="storeId" value="10151"><input type="hidden" name="langId" value="44"><input type="hidden" name="catalogId" value="10241"><input type="hidden" name="errorViewName" value="CategoryDisplayView"><input type="hidden" name="SKU_ID" value="2950099"><input type="hidden" name="itemType" value=""><label class="access" for="quantity_82184">Quantity</label>
		        
					<input name="quantity" id="quantity_82184" type="text" size="3" value="1" class="quantity"><input type="hidden" name="catEntryId" value="82185"><input type="hidden" name="productId" value="82184"><input type="hidden" name="URL" value="http://www.sainsburys.co.uk/webapp/wcs/stores/servlet/CategoryDisplay?msg=&amp;langId=44&amp;storeId=10151&amp;krypto=DCnawB4kF1P62vJKWOLl4bTQS8HvnyF3y8AtfXIJZn5ESwdXVzWXj9P3bxxViiVRGtM3Cs4oohJ1OwMiSdYs%2FHY2GfWoCOubKwB9oMlZWYtt2S95pi6owxfpfNkcRIBMQ8A0nci97P2SGzTzV6Fv7DT6ViLruLFXAHjC8cEa8C0%3D&amp;ddkey=http%3Agb%2Fgroceries%2Fdrinks%2Ffruit-flavoured"><input type="hidden" name="page" value=""><input type="hidden" name="contractId" value=""><input type="hidden" name="calculateOrder" value="1"><input type="hidden" name="calculationUsage" value="-1,-2,-3"><input type="hidden" name="updateable" value="1"><input type="hidden" name="merge" value="***"><input type="hidden" name="callAjax" value="false"><input class="button process" type="submit" name="Add" value="Add">
</form>
	<!-- END AddToTrolley.jsp -->
        <div class="numberInTrolley hidden numberInTrolley_82184" id="numberInTrolley_82184">
            
        </div>
    
                                        </div>

                                        <!-- BEGIN CatalogEntryRatingsReviewsInfo.jspf --><!-- productAllowedRatingsAndReviews: true -->
    <div class="reviews">
        
	        <a class="numberOfReviews repressive" href="http://reviews.sainsburys.co.uk//8076-en_gb/2950099-P/writereview.htm?submissionurl=http%3A%2F%2Fwww.sainsburys.co.uk%2Fwebapp%2Fwcs%2Fstores%2Fservlet%2FBVReviewSubmitDisplay%3FcatalogId%3D10143%26storeId%3D10151%26recipe%3D%26langId%3D44%26productId%3D2950099-P&amp;return=http%3A%2F%2Fwww.sainsburys.co.uk%2Fwebapp%2Fwcs%2Fstores%2Fservlet%2FCategoryDisplay%3FpageSize%3D100">
	    Write a review
          	</a>
        
    </div>
<!-- END CatalogEntryRatingsReviewsInfo.jspf -->
                                   </div>
                               <!-- Start AddToSubscriptionList.jspf --><!-- Start AddToSubscriptionList.jsp --><!-- End AddToSubscriptionList.jsp --><!-- End AddToSubscriptionList.jspf -->     
                    </div>
                            
                    
                </div>     
            </div>
            <!--ThumbnailRestriction --><!-- END CatalogEntryThumbnailDisplay.jsp -->
	                            </div>
</li>
	                         

	                            <li class="gridItem" style="min-height: 477px;">
	                                <!-- BEGIN CatalogEntryThumbnailDisplay.jsp --><!-- BEGIN MerchandisingAssociationsDisplay.jsp --><!-- Start - JSP File Name:  MerchandisingAssociationsDisplay.jsp --><!-- END MerchandisingAssociationsDisplay.jsp -->
            <div class="product ">
                
                <div class="productInfo">
                    <div class="productNameAndPromotions">
                        
                                  <h3>
                                    <a href="http://www.sainsburys.co.uk/shop/gb/groceries/fruit-flavoured/sainsburys-diet-cloudy-lemonade--6x330ml">
                                        Sainsbury's Diet Cloudy Lemonade, 6x330ml
                                        <img src="http://c2.sainsburys.co.uk/wcsstore7.20.1.145/ExtendedSitesCatalogAssetStore/images/catalog/productImages/01/0000001327601/0000001327601_L.jpeg" alt=""></a>
                                </h3>
                              
                    </div> 
                </div>
                
                <div class="errorBanner hidden" id="error80107"></div>
                <div class="addToTrolleytabBox">   
                    <!--addToTrolleytabBox GRID VIEW --><!-- Start UserSubscribedOrNot.jspf --><!-- Start UserSubscribedOrNot.jsp --><!-- 
			If the user is not logged in, render this opening 
			DIV adding an addtional class to fix the border top which is removed 
			and replaced by the tabs
		-->
		<div class="addToTrolleytabContainer addItemBorderTop">
	<!-- End AddToSubscriptionList.jsp --><!-- End AddSubscriptionList.jspf --><!-- 
                    ATTENTION!!!
                    <div class="addToTrolleytabContainer">
                    This opening div is inside "../../ReusableObjects/UserSubscribedOrNot.jsp"
                    -->
                    <div class="pricingAndTrolleyOptions">
                    	
                                    <div class="priceTab priceTabContainer activeContainer addItem" id="addItem_80107">
                                       <div class="pricing">
                                           
	<p class="pricePerUnit">
    Â£1.60<abbr title="per">/</abbr><abbr title="unit"><span class="pricePerUnitUnit">unit</span></abbr>
</p>
 
    <p class="pricePerMeasure">Â£0.08<abbr title="per">/</abbr>100<abbr title="millilitre"><span class="pricePerMeasureMeasure">ml</span></abbr>
    </p>

                                       </div>                                      

                                     
                                        <div class="addToTrolleyForm "> 
                                           <!-- BEGIN AddToTrolley.jsp -->

		<form class="addToTrolleyForm" name="OrderItemAddForm_80107" action="OrderItemAdd" method="post" id="OrderItemAddForm_80107">
		    <input type="hidden" name="storeId" value="10151"><input type="hidden" name="langId" value="44"><input type="hidden" name="catalogId" value="10241"><input type="hidden" name="errorViewName" value="CategoryDisplayView"><input type="hidden" name="SKU_ID" value="1327601"><input type="hidden" name="itemType" value=""><label class="access" for="quantity_80106">Quantity</label>
		        
					<input name="quantity" id="quantity_80106" type="text" size="3" value="1" class="quantity"><input type="hidden" name="catEntryId" value="80107"><input type="hidden" name="productId" value="80106"><input type="hidden" name="URL" value="http://www.sainsburys.co.uk/webapp/wcs/stores/servlet/CategoryDisplay?msg=&amp;langId=44&amp;storeId=10151&amp;krypto=DCnawB4kF1P62vJKWOLl4bTQS8HvnyF3y8AtfXIJZn5ESwdXVzWXj9P3bxxViiVRGtM3Cs4oohJ1OwMiSdYs%2FHY2GfWoCOubKwB9oMlZWYtt2S95pi6owxfpfNkcRIBMQ8A0nci97P2SGzTzV6Fv7DT6ViLruLFXAHjC8cEa8C0%3D&amp;ddkey=http%3Agb%2Fgroceries%2Fdrinks%2Ffruit-flavoured"><input type="hidden" name="page" value=""><input type="hidden" name="contractId" value=""><input type="hidden" name="calculateOrder" value="1"><input type="hidden" name="calculationUsage" value="-1,-2,-3"><input type="hidden" name="updateable" value="1"><input type="hidden" name="merge" value="***"><input type="hidden" name="callAjax" value="false"><input class="button process" type="submit" name="Add" value="Add">
</form>
	<!-- END AddToTrolley.jsp -->
        <div class="numberInTrolley hidden numberInTrolley_80106" id="numberInTrolley_80106">
            
        </div>
    
                                        </div>

                                        <!-- BEGIN CatalogEntryRatingsReviewsInfo.jspf --><!-- productAllowedRatingsAndReviews: true -->
    <div class="reviews">
        
            <a class="numberOfReviews" href="http://www.sainsburys.co.uk/shop/gb/groceries/fruit-flavoured/sainsburys-diet-cloudy-lemonade--6x330ml#reviews">
                <img src="http://c2.sainsburys.co.uk/wcsstore7.20.1.145/SainsburysStorefrontAssetStore/img/stars/rating-4_8.gif" alt="4.75" border="0">Â  
                Reviews (4)
            </a>
        
    </div>
<!-- END CatalogEntryRatingsReviewsInfo.jspf -->
                                   </div>
                               <!-- Start AddToSubscriptionList.jspf --><!-- Start AddToSubscriptionList.jsp --><!-- End AddToSubscriptionList.jsp --><!-- End AddToSubscriptionList.jspf -->     
                    </div>
                            
                    
                </div>     
            </div>
            <!--ThumbnailRestriction --><!-- END CatalogEntryThumbnailDisplay.jsp -->
	                            </div>
</li>
	                         

	                            <li class="gridItem" style="min-height: 477px;">
	                                <!-- BEGIN CatalogEntryThumbnailDisplay.jsp --><!-- BEGIN MerchandisingAssociationsDisplay.jsp --><!-- Start - JSP File Name:  MerchandisingAssociationsDisplay.jsp --><!-- END MerchandisingAssociationsDisplay.jsp -->
            <div class="product ">
                
                <div class="productInfo">
                    <div class="productNameAndPromotions">
                        
                                  <h3>
                                    <a href="http://www.sainsburys.co.uk/shop/gb/groceries/fruit-flavoured/sainsburys-lemonade-6x330ml">
                                        Sainsbury's Lemonade 6x330ml
                                        <img src="http://c2.sainsburys.co.uk/wcsstore7.20.1.145/ExtendedSitesCatalogAssetStore/images/catalog/productImages/17/0000001828917/0000001828917_L.jpeg" alt=""></a>
                                </h3>
                              
                    </div> 
                </div>
                
                <div class="errorBanner hidden" id="error103515"></div>
                <div class="addToTrolleytabBox">   
                    <!--addToTrolleytabBox GRID VIEW --><!-- Start UserSubscribedOrNot.jspf --><!-- Start UserSubscribedOrNot.jsp --><!-- 
			If the user is not logged in, render this opening 
			DIV adding an addtional class to fix the border top which is removed 
			and replaced by the tabs
		-->
		<div class="addToTrolleytabContainer addItemBorderTop">
	<!-- End AddToSubscriptionList.jsp --><!-- End AddSubscriptionList.jspf --><!-- 
                    ATTENTION!!!
                    <div class="addToTrolleytabContainer">
                    This opening div is inside "../../ReusableObjects/UserSubscribedOrNot.jsp"
                    -->
                    <div class="pricingAndTrolleyOptions">
                    	
                                    <div class="priceTab priceTabContainer activeContainer addItem" id="addItem_103515">
                                       <div class="pricing">
                                           
	<p class="pricePerUnit">
    Â£1.60<abbr title="per">/</abbr><abbr title="unit"><span class="pricePerUnitUnit">unit</span></abbr>
</p>
 
    <p class="pricePerMeasure">Â£0.08<abbr title="per">/</abbr>100<abbr title="millilitre"><span class="pricePerMeasureMeasure">ml</span></abbr>
    </p>

                                       </div>                                      

                                     
                                        <div class="addToTrolleyForm "> 
                                           <!-- BEGIN AddToTrolley.jsp -->

		<form class="addToTrolleyForm" name="OrderItemAddForm_103515" action="OrderItemAdd" method="post" id="OrderItemAddForm_103515">
		    <input type="hidden" name="storeId" value="10151"><input type="hidden" name="langId" value="44"><input type="hidden" name="catalogId" value="10241"><input type="hidden" name="errorViewName" value="CategoryDisplayView"><input type="hidden" name="SKU_ID" value="7547063"><input type="hidden" name="itemType" value=""><label class="access" for="quantity_103514">Quantity</label>
		        
					<input name="quantity" id="quantity_103514" type="text" size="3" value="1" class="quantity"><input type="hidden" name="catEntryId" value="103515"><input type="hidden" name="productId" value="103514"><input type="hidden" name="URL" value="http://www.sainsburys.co.uk/webapp/wcs/stores/servlet/CategoryDisplay?msg=&amp;langId=44&amp;storeId=10151&amp;krypto=DCnawB4kF1P62vJKWOLl4bTQS8HvnyF3y8AtfXIJZn5ESwdXVzWXj9P3bxxViiVRGtM3Cs4oohJ1OwMiSdYs%2FHY2GfWoCOubKwB9oMlZWYtt2S95pi6owxfpfNkcRIBMQ8A0nci97P2SGzTzV6Fv7DT6ViLruLFXAHjC8cEa8C0%3D&amp;ddkey=http%3Agb%2Fgroceries%2Fdrinks%2Ffruit-flavoured"><input type="hidden" name="page" value=""><input type="hidden" name="contractId" value=""><input type="hidden" name="calculateOrder" value="1"><input type="hidden" name="calculationUsage" value="-1,-2,-3"><input type="hidden" name="updateable" value="1"><input type="hidden" name="merge" value="***"><input type="hidden" name="callAjax" value="false"><input class="button process" type="submit" name="Add" value="Add">
</form>
	<!-- END AddToTrolley.jsp -->
        <div class="numberInTrolley hidden numberInTrolley_103514" id="numberInTrolley_103514">
            
        </div>
    
                                        </div>

                                        <!-- BEGIN CatalogEntryRatingsReviewsInfo.jspf --><!-- productAllowedRatingsAndReviews: true -->
    <div class="reviews">
        
            <a class="numberOfReviews" href="http://www.sainsburys.co.uk/shop/gb/groceries/fruit-flavoured/sainsburys-lemonade-6x330ml#reviews">
                <img src="http://c2.sainsburys.co.uk/wcsstore7.20.1.145/SainsburysStorefrontAssetStore/img/stars/rating-3_8.gif" alt="3.75" border="0">Â  
                Reviews (4)
            </a>
        
    </div>
<!-- END CatalogEntryRatingsReviewsInfo.jspf -->
                                   </div>
                               <!-- Start AddToSubscriptionList.jspf --><!-- Start AddToSubscriptionList.jsp --><!-- End AddToSubscriptionList.jsp --><!-- End AddToSubscriptionList.jspf -->     
                    </div>
                            
                    
    
    <div class="badges">
        <ul>
<li>

                        
                        
                        <img src="/wcsstore7.20.1.145/SainsburysStorefrontAssetStore/wcassets/icons/ico_spacer.gif" alt="Vegetarian">
</li>
                
                    
                    
                    
                     <li class="lastchild">

                        
                        
                        <img src="/wcsstore7.20.1.145/SainsburysStorefrontAssetStore/wcassets/icons/ico_spacer.gif" alt="Vegan">
</li>
                
        </ul>
</div>

                </div>     
            </div>
            <!--ThumbnailRestriction --><!-- END CatalogEntryThumbnailDisplay.jsp -->
	                            </div>
</li>
	                         

	                            <li class="gridItem" style="min-height: 448px;">
	                                <!-- BEGIN CatalogEntryThumbnailDisplay.jsp --><!-- BEGIN MerchandisingAssociationsDisplay.jsp --><!-- Start - JSP File Name:  MerchandisingAssociationsDisplay.jsp --><!-- END MerchandisingAssociationsDisplay.jsp -->
            <div class="product  highlighted specialOffer straplineRow">
                
                <div class="productInfo">
                    <div class="productNameAndPromotions">
                        
                                  <h3>
                                    <a href="http://www.sainsburys.co.uk/shop/gb/groceries/fruit-flavoured/fanta-lemon-2l">
                                        Fanta Lemon 2L
                                        <img src="http://c2.sainsburys.co.uk/wcsstore7.20.1.145/ExtendedSitesCatalogAssetStore/images/catalog/productImages/11/5449000006011/5449000006011_L.jpeg" alt=""></a>
                                </h3>
                              
    <div class="promotion">
                   
		            <p><a href="http://www.sainsburys.co.uk/shop/PromotionDisplayView?catalogId=10241&amp;langId=44&amp;productId=83806&amp;storeId=10151&amp;promotionId=10232863"><!-- BEGIN include/PromotionStrapline.jspf -->Only Â£1.00: Save 60p<br><!-- FINISH include/PromotionStrapline.jspf --></a></p>
		                        
    </div>

                    </div> 
                </div>
                
        <div class="strapline"><a href="http://www.sainsburys.co.uk/shop/PromotionDisplayView?catalogId=10241&amp;langId=44&amp;productId=83806&amp;storeId=10151&amp;promotionId=10232863"><img src="/wcsstore7.20.1.145/SainsburysStorefrontAssetStore/wcassets/icons/special/img-special-offer.png" alt="Special Offer"></a></div>
    
                <div class="errorBanner hidden" id="error83807"></div>
                <div class="addToTrolleytabBox">   
                    <!--addToTrolleytabBox GRID VIEW --><!-- Start UserSubscribedOrNot.jspf --><!-- Start UserSubscribedOrNot.jsp --><!-- 
			If the user is not logged in, render this opening 
			DIV adding an addtional class to fix the border top which is removed 
			and replaced by the tabs
		-->
		<div class="addToTrolleytabContainer addItemBorderTop">
	<!-- End AddToSubscriptionList.jsp --><!-- End AddSubscriptionList.jspf --><!-- 
                    ATTENTION!!!
                    <div class="addToTrolleytabContainer">
                    This opening div is inside "../../ReusableObjects/UserSubscribedOrNot.jsp"
                    -->
                    <div class="pricingAndTrolleyOptions">
                    	
                                    <div class="priceTab priceTabContainer activeContainer addItem" id="addItem_83807">
                                       <div class="pricing">
                                           
	<p class="pricePerUnit">
    Â£1.00<abbr title="per">/</abbr><abbr title="unit"><span class="pricePerUnitUnit">unit</span></abbr>
</p>
 
    <p class="pricePerMeasure">Â£0.05<abbr title="per">/</abbr>100<abbr title="millilitre"><span class="pricePerMeasureMeasure">ml</span></abbr>
    </p>

                                       </div>                                      

                                     
                                        <div class="addToTrolleyForm "> 
                                           <!-- BEGIN AddToTrolley.jsp -->

		<form class="addToTrolleyForm" name="OrderItemAddForm_83807" action="OrderItemAdd" method="post" id="OrderItemAddForm_83807">
		    <input type="hidden" name="storeId" value="10151"><input type="hidden" name="langId" value="44"><input type="hidden" name="catalogId" value="10241"><input type="hidden" name="errorViewName" value="CategoryDisplayView"><input type="hidden" name="SKU_ID" value="3677193"><input type="hidden" name="itemType" value=""><label class="access" for="quantity_83806">Quantity</label>
		        
					<input name="quantity" id="quantity_83806" type="text" size="3" value="1" class="quantity"><input type="hidden" name="catEntryId" value="83807"><input type="hidden" name="productId" value="83806"><input type="hidden" name="URL" value="http://www.sainsburys.co.uk/webapp/wcs/stores/servlet/CategoryDisplay?msg=&amp;langId=44&amp;storeId=10151&amp;krypto=DCnawB4kF1P62vJKWOLl4bTQS8HvnyF3y8AtfXIJZn5ESwdXVzWXj9P3bxxViiVRGtM3Cs4oohJ1OwMiSdYs%2FHY2GfWoCOubKwB9oMlZWYtt2S95pi6owxfpfNkcRIBMQ8A0nci97P2SGzTzV6Fv7DT6ViLruLFXAHjC8cEa8C0%3D&amp;ddkey=http%3Agb%2Fgroceries%2Fdrinks%2Ffruit-flavoured"><input type="hidden" name="page" value=""><input type="hidden" name="contractId" value=""><input type="hidden" name="calculateOrder" value="1"><input type="hidden" name="calculationUsage" value="-1,-2,-3"><input type="hidden" name="updateable" value="1"><input type="hidden" name="merge" value="***"><input type="hidden" name="callAjax" value="false"><input class="button process" type="submit" name="Add" value="Add">
</form>
	<!-- END AddToTrolley.jsp -->
        <div class="numberInTrolley hidden numberInTrolley_83806" id="numberInTrolley_83806">
            
        </div>
    
                                        </div>

                                        <!-- BEGIN CatalogEntryRatingsReviewsInfo.jspf --><!-- productAllowedRatingsAndReviews: true -->
    <div class="reviews">
        
	        <a class="numberOfReviews repressive" href="http://reviews.sainsburys.co.uk//8076-en_gb/3677193-P/writereview.htm?submissionurl=http%3A%2F%2Fwww.sainsburys.co.uk%2Fwebapp%2Fwcs%2Fstores%2Fservlet%2FBVReviewSubmitDisplay%3FcatalogId%3D10241%26storeId%3D10151%26recipe%3D%26langId%3D44%26productId%3D3677193-P&amp;return=http%3A%2F%2Fwww.sainsburys.co.uk%2Fwebapp%2Fwcs%2Fstores%2Fservlet%2FAjaxApplyFilterBrowseView%3FlangId%3D44%26storeId%3D10151%26catalogId%3D10241%26categoryId%3D12392%26parent_category_rn%3D12192%26top_category%3D12192%26pageSize%3D30%26orderBy%3DFAVOURITES_ONLY%257CTOP_SELLERS%26searchTerm%3D%26beginIndex%3D0%26facet%3D88%26requesttype%3Dajax">
	    Write a review
          	</a>
        
    </div>
<!-- END CatalogEntryRatingsReviewsInfo.jspf -->
                                   </div>
                               <!-- Start AddToSubscriptionList.jspf --><!-- Start AddToSubscriptionList.jsp --><!-- End AddToSubscriptionList.jsp --><!-- End AddToSubscriptionList.jspf -->     
                    </div>
                            
                    
                </div>     
            </div>
            <!--ThumbnailRestriction --><!-- END CatalogEntryThumbnailDisplay.jsp -->
	                            </div>
</li>
	                         

	                            <li class="gridItem" style="min-height: 448px;">
	                                <!-- BEGIN CatalogEntryThumbnailDisplay.jsp --><!-- BEGIN MerchandisingAssociationsDisplay.jsp --><!-- Start - JSP File Name:  MerchandisingAssociationsDisplay.jsp --><!-- END MerchandisingAssociationsDisplay.jsp -->
            <div class="product  straplineRow">
                
                <div class="productInfo">
                    <div class="productNameAndPromotions">
                        
                                  <h3>
                                    <a href="http://www.sainsburys.co.uk/shop/gb/groceries/fruit-flavoured/tango-orange-2l">
                                        Tango Orange 2L
                                        <img src="http://c2.sainsburys.co.uk/wcsstore7.20.1.145/ExtendedSitesCatalogAssetStore/images/catalog/productImages/04/5010102003804/5010102003804_L.jpeg" alt=""></a>
                                </h3>
                              
                    </div> 
                </div>
                
                <div class="errorBanner hidden" id="error81055"></div>
                <div class="addToTrolleytabBox">   
                    <!--addToTrolleytabBox GRID VIEW --><!-- Start UserSubscribedOrNot.jspf --><!-- Start UserSubscribedOrNot.jsp --><!-- 
			If the user is not logged in, render this opening 
			DIV adding an addtional class to fix the border top which is removed 
			and replaced by the tabs
		-->
		<div class="addToTrolleytabContainer addItemBorderTop">
	<!-- End AddToSubscriptionList.jsp --><!-- End AddSubscriptionList.jspf --><!-- 
                    ATTENTION!!!
                    <div class="addToTrolleytabContainer">
                    This opening div is inside "../../ReusableObjects/UserSubscribedOrNot.jsp"
                    -->
                    <div class="pricingAndTrolleyOptions">
                    	
                                    <div class="priceTab priceTabContainer activeContainer addItem" id="addItem_81055">
                                       <div class="pricing">
                                           
	<p class="pricePerUnit">
    Â£1.30<abbr title="per">/</abbr><abbr title="unit"><span class="pricePerUnitUnit">unit</span></abbr>
</p>
 
    <p class="pricePerMeasure">Â£0.07<abbr title="per">/</abbr>100<abbr title="millilitre"><span class="pricePerMeasureMeasure">ml</span></abbr>
    </p>

                                       </div>                                      

                                     
                                        <div class="addToTrolleyForm "> 
                                           <!-- BEGIN AddToTrolley.jsp -->

		<form class="addToTrolleyForm" name="OrderItemAddForm_81055" action="OrderItemAdd" method="post" id="OrderItemAddForm_81055">
		    <input type="hidden" name="storeId" value="10151"><input type="hidden" name="langId" value="44"><input type="hidden" name="catalogId" value="10241"><input type="hidden" name="errorViewName" value="CategoryDisplayView"><input type="hidden" name="SKU_ID" value="2327679"><input type="hidden" name="itemType" value=""><label class="access" for="quantity_81054">Quantity</label>
		        
					<input name="quantity" id="quantity_81054" type="text" size="3" value="1" class="quantity"><input type="hidden" name="catEntryId" value="81055"><input type="hidden" name="productId" value="81054"><input type="hidden" name="URL" value="http://www.sainsburys.co.uk/webapp/wcs/stores/servlet/CategoryDisplay?msg=&amp;langId=44&amp;storeId=10151&amp;krypto=DCnawB4kF1P62vJKWOLl4bTQS8HvnyF3y8AtfXIJZn5ESwdXVzWXj9P3bxxViiVRGtM3Cs4oohJ1OwMiSdYs%2FHY2GfWoCOubKwB9oMlZWYtt2S95pi6owxfpfNkcRIBMQ8A0nci97P2SGzTzV6Fv7DT6ViLruLFXAHjC8cEa8C0%3D&amp;ddkey=http%3Agb%2Fgroceries%2Fdrinks%2Ffruit-flavoured"><input type="hidden" name="page" value=""><input type="hidden" name="contractId" value=""><input type="hidden" name="calculateOrder" value="1"><input type="hidden" name="calculationUsage" value="-1,-2,-3"><input type="hidden" name="updateable" value="1"><input type="hidden" name="merge" value="***"><input type="hidden" name="callAjax" value="false"><input class="button process" type="submit" name="Add" value="Add">
</form>
	<!-- END AddToTrolley.jsp -->
        <div class="numberInTrolley hidden numberInTrolley_81054" id="numberInTrolley_81054">
            
        </div>
    
                                        </div>

                                        <!-- BEGIN CatalogEntryRatingsReviewsInfo.jspf --><!-- productAllowedRatingsAndReviews: true -->
    <div class="reviews">
        
	        <a class="numberOfReviews repressive" href="http://reviews.sainsburys.co.uk//8076-en_gb/2327679-P/writereview.htm?submissionurl=http%3A%2F%2Fwww.sainsburys.co.uk%2Fwebapp%2Fwcs%2Fstores%2Fservlet%2FBVReviewSubmitDisplay%3FcatalogId%3D10143%26storeId%3D10151%26recipe%3D%26langId%3D44%26productId%3D2327679-P&amp;return=http%3A%2F%2Fwww.sainsburys.co.uk%2Fwebapp%2Fwcs%2Fstores%2Fservlet%2FCategoryDisplay%3FpageSize%3D100">
	    Write a review
          	</a>
        
    </div>
<!-- END CatalogEntryRatingsReviewsInfo.jspf -->
                                   </div>
                               <!-- Start AddToSubscriptionList.jspf --><!-- Start AddToSubscriptionList.jsp --><!-- End AddToSubscriptionList.jsp --><!-- End AddToSubscriptionList.jspf -->     
                    </div>
                            
                    
                </div>     
            </div>
            <!--ThumbnailRestriction --><!-- END CatalogEntryThumbnailDisplay.jsp -->
	                            </div>
</li>
	                         

	                            <li class="gridItem" style="min-height: 448px;">
	                                <!-- BEGIN CatalogEntryThumbnailDisplay.jsp --><!-- BEGIN MerchandisingAssociationsDisplay.jsp --><!-- Start - JSP File Name:  MerchandisingAssociationsDisplay.jsp --><!-- END MerchandisingAssociationsDisplay.jsp -->
            <div class="product  straplineRow">
                
                <div class="productInfo">
                    <div class="productNameAndPromotions">
                        
                                  <h3>
                                    <a href="http://www.sainsburys.co.uk/shop/gb/groceries/fruit-flavoured/schweppes-lemonade-6x330ml">
                                        Schweppes Lemonade 6x330ml
                                        <img src="http://c2.sainsburys.co.uk/wcsstore7.20.1.145/ExtendedSitesCatalogAssetStore/images/catalog/productImages/70/5449000062970/5449000062970_L.jpeg" alt=""></a>
                                </h3>
                              
                    </div> 
                </div>
                
                <div class="errorBanner hidden" id="error92711"></div>
                <div class="addToTrolleytabBox">   
                    <!--addToTrolleytabBox GRID VIEW --><!-- Start UserSubscribedOrNot.jspf --><!-- Start UserSubscribedOrNot.jsp --><!-- 
			If the user is not logged in, render this opening 
			DIV adding an addtional class to fix the border top which is removed 
			and replaced by the tabs
		-->
		<div class="addToTrolleytabContainer addItemBorderTop">
	<!-- End AddToSubscriptionList.jsp --><!-- End AddSubscriptionList.jspf --><!-- 
                    ATTENTION!!!
                    <div class="addToTrolleytabContainer">
                    This opening div is inside "../../ReusableObjects/UserSubscribedOrNot.jsp"
                    -->
                    <div class="pricingAndTrolleyOptions">
                    	
                                    <div class="priceTab priceTabContainer activeContainer addItem" id="addItem_92711">
                                       <div class="pricing">
                                           
	<p class="pricePerUnit">
    Â£3.00<abbr title="per">/</abbr><abbr title="unit"><span class="pricePerUnitUnit">unit</span></abbr>
</p>
 
    <p class="pricePerMeasure">Â£0.15<abbr title="per">/</abbr>100<abbr title="millilitre"><span class="pricePerMeasureMeasure">ml</span></abbr>
    </p>

                                       </div>                                      

                                     
                                        <div class="addToTrolleyForm "> 
                                           <!-- BEGIN AddToTrolley.jsp -->

		<form class="addToTrolleyForm" name="OrderItemAddForm_92711" action="OrderItemAdd" method="post" id="OrderItemAddForm_92711">
		    <input type="hidden" name="storeId" value="10151"><input type="hidden" name="langId" value="44"><input type="hidden" name="catalogId" value="10241"><input type="hidden" name="errorViewName" value="CategoryDisplayView"><input type="hidden" name="SKU_ID" value="6752302"><input type="hidden" name="itemType" value=""><label class="access" for="quantity_92710">Quantity</label>
		        
					<input name="quantity" id="quantity_92710" type="text" size="3" value="1" class="quantity"><input type="hidden" name="catEntryId" value="92711"><input type="hidden" name="productId" value="92710"><input type="hidden" name="URL" value="http://www.sainsburys.co.uk/webapp/wcs/stores/servlet/CategoryDisplay?msg=&amp;langId=44&amp;storeId=10151&amp;krypto=DCnawB4kF1P62vJKWOLl4bTQS8HvnyF3y8AtfXIJZn5ESwdXVzWXj9P3bxxViiVRGtM3Cs4oohJ1OwMiSdYs%2FHY2GfWoCOubKwB9oMlZWYtt2S95pi6owxfpfNkcRIBMQ8A0nci97P2SGzTzV6Fv7DT6ViLruLFXAHjC8cEa8C0%3D&amp;ddkey=http%3Agb%2Fgroceries%2Fdrinks%2Ffruit-flavoured"><input type="hidden" name="page" value=""><input type="hidden" name="contractId" value=""><input type="hidden" name="calculateOrder" value="1"><input type="hidden" name="calculationUsage" value="-1,-2,-3"><input type="hidden" name="updateable" value="1"><input type="hidden" name="merge" value="***"><input type="hidden" name="callAjax" value="false"><input class="button process" type="submit" name="Add" value="Add">
</form>
	<!-- END AddToTrolley.jsp -->
        <div class="numberInTrolley hidden numberInTrolley_92710" id="numberInTrolley_92710">
            
        </div>
    
                                        </div>

                                        <!-- BEGIN CatalogEntryRatingsReviewsInfo.jspf --><!-- productAllowedRatingsAndReviews: true -->
    <div class="reviews">
        
	        <a class="numberOfReviews repressive" href="http://reviews.sainsburys.co.uk//8076-en_gb/6752302-P/writereview.htm?submissionurl=http%3A%2F%2Fwww.sainsburys.co.uk%2Fwebapp%2Fwcs%2Fstores%2Fservlet%2FBVReviewSubmitDisplay%3FcatalogId%3D10143%26storeId%3D10151%26recipe%3D%26langId%3D44%26productId%3D6752302-P&amp;return=http%3A%2F%2Fwww.sainsburys.co.uk%2Fwebapp%2Fwcs%2Fstores%2Fservlet%2FCategoryDisplay%3FpageSize%3D100">
	    Write a review
          	</a>
        
    </div>
<!-- END CatalogEntryRatingsReviewsInfo.jspf -->
                                   </div>
                               <!-- Start AddToSubscriptionList.jspf --><!-- Start AddToSubscriptionList.jsp --><!-- End AddToSubscriptionList.jsp --><!-- End AddToSubscriptionList.jspf -->     
                    </div>
                            
                    
                </div>     
            </div>
            <!--ThumbnailRestriction --><!-- END CatalogEntryThumbnailDisplay.jsp -->
	                            </div>
</li>
	                         

	                            <li class="gridItem" style="min-height: 475px;">
	                                <!-- BEGIN CatalogEntryThumbnailDisplay.jsp --><!-- BEGIN MerchandisingAssociationsDisplay.jsp --><!-- Start - JSP File Name:  MerchandisingAssociationsDisplay.jsp --><!-- END MerchandisingAssociationsDisplay.jsp -->
            <div class="product ">
                
                <div class="productInfo">
                    <div class="productNameAndPromotions">
                        
                                  <h3>
                                    <a href="http://www.sainsburys.co.uk/shop/gb/groceries/fruit-flavoured/fanta-fruit-twist-x6-330ml">
                                        Fanta Fruit Twist x6 330ml
                                        <img src="http://c2.sainsburys.co.uk/wcsstore7.20.1.145/ExtendedSitesCatalogAssetStore/images/catalog/productImages/28/5449000009128/5449000009128_L.jpeg" alt=""></a>
                                </h3>
                              
                    </div> 
                </div>
                
                <div class="errorBanner hidden" id="error84469"></div>
                <div class="addToTrolleytabBox">   
                    <!--addToTrolleytabBox GRID VIEW --><!-- Start UserSubscribedOrNot.jspf --><!-- Start UserSubscribedOrNot.jsp --><!-- 
			If the user is not logged in, render this opening 
			DIV adding an addtional class to fix the border top which is removed 
			and replaced by the tabs
		-->
		<div class="addToTrolleytabContainer addItemBorderTop">
	<!-- End AddToSubscriptionList.jsp --><!-- End AddSubscriptionList.jspf --><!-- 
                    ATTENTION!!!
                    <div class="addToTrolleytabContainer">
                    This opening div is inside "../../ReusableObjects/UserSubscribedOrNot.jsp"
                    -->
                    <div class="pricingAndTrolleyOptions">
                    	
                                    <div class="priceTab priceTabContainer activeContainer addItem" id="addItem_84469">
                                       <div class="pricing">
                                           
	<p class="pricePerUnit">
    Â£3.50<abbr title="per">/</abbr><abbr title="unit"><span class="pricePerUnitUnit">unit</span></abbr>
</p>
 
    <p class="pricePerMeasure">Â£0.18<abbr title="per">/</abbr>100<abbr title="millilitre"><span class="pricePerMeasureMeasure">ml</span></abbr>
    </p>

                                       </div>                                      

                                     
                                        <div class="addToTrolleyForm "> 
                                           <!-- BEGIN AddToTrolley.jsp -->

		<form class="addToTrolleyForm" name="OrderItemAddForm_84469" action="OrderItemAdd" method="post" id="OrderItemAddForm_84469">
		    <input type="hidden" name="storeId" value="10151"><input type="hidden" name="langId" value="44"><input type="hidden" name="catalogId" value="10241"><input type="hidden" name="errorViewName" value="CategoryDisplayView"><input type="hidden" name="SKU_ID" value="3883938"><input type="hidden" name="itemType" value=""><label class="access" for="quantity_84468">Quantity</label>
		        
					<input name="quantity" id="quantity_84468" type="text" size="3" value="1" class="quantity"><input type="hidden" name="catEntryId" value="84469"><input type="hidden" name="productId" value="84468"><input type="hidden" name="URL" value="http://www.sainsburys.co.uk/webapp/wcs/stores/servlet/CategoryDisplay?msg=&amp;langId=44&amp;storeId=10151&amp;krypto=DCnawB4kF1P62vJKWOLl4bTQS8HvnyF3y8AtfXIJZn5ESwdXVzWXj9P3bxxViiVRGtM3Cs4oohJ1OwMiSdYs%2FHY2GfWoCOubKwB9oMlZWYtt2S95pi6owxfpfNkcRIBMQ8A0nci97P2SGzTzV6Fv7DT6ViLruLFXAHjC8cEa8C0%3D&amp;ddkey=http%3Agb%2Fgroceries%2Fdrinks%2Ffruit-flavoured"><input type="hidden" name="page" value=""><input type="hidden" name="contractId" value=""><input type="hidden" name="calculateOrder" value="1"><input type="hidden" name="calculationUsage" value="-1,-2,-3"><input type="hidden" name="updateable" value="1"><input type="hidden" name="merge" value="***"><input type="hidden" name="callAjax" value="false"><input class="button process" type="submit" name="Add" value="Add">
</form>
	<!-- END AddToTrolley.jsp -->
        <div class="numberInTrolley hidden numberInTrolley_84468" id="numberInTrolley_84468">
            
        </div>
    
                                        </div>

                                        <!-- BEGIN CatalogEntryRatingsReviewsInfo.jspf --><!-- productAllowedRatingsAndReviews: true -->
    <div class="reviews">
        
	        <a class="numberOfReviews repressive" href="http://reviews.sainsburys.co.uk//8076-en_gb/3883938-P/writereview.htm?submissionurl=http%3A%2F%2Fwww.sainsburys.co.uk%2Fwebapp%2Fwcs%2Fstores%2Fservlet%2FBVReviewSubmitDisplay%3FcatalogId%3D10077%26storeId%3D10151%26recipe%3D%26langId%3D44%26productId%3D3883938-P&amp;return=http%3A%2F%2Fwww.sainsburys.co.uk%2Fwebapp%2Fwcs%2Fstores%2Fservlet%2FFavouritesBySingleListDisplay%3FpageSize%3D30%26searchTerm%3D%26catalogId%3D10077%26orderBy%3DFAVOURITES_RANK%26top_category%3D%26parent_category_rn%3D%26listId%3D%26categoryId%3D%26langId%3D44%26beginIndex%3D120%26storeId%3D10151%26promotionId%3D">
	    Write a review
          	</a>
        
    </div>
<!-- END CatalogEntryRatingsReviewsInfo.jspf -->
                                   </div>
                               <!-- Start AddToSubscriptionList.jspf --><!-- Start AddToSubscriptionList.jsp --><!-- End AddToSubscriptionList.jsp --><!-- End AddToSubscriptionList.jspf -->     
                    </div>
                            
                    
                </div>     
            </div>
            <!--ThumbnailRestriction --><!-- END CatalogEntryThumbnailDisplay.jsp -->
	                            </div>
</li>
	                         

	                            <li class="gridItem" style="min-height: 475px;">
	                                <!-- BEGIN CatalogEntryThumbnailDisplay.jsp --><!-- BEGIN MerchandisingAssociationsDisplay.jsp --><!-- Start - JSP File Name:  MerchandisingAssociationsDisplay.jsp --><!-- END MerchandisingAssociationsDisplay.jsp -->
            <div class="product ">
                
                <div class="productInfo">
                    <div class="productNameAndPromotions">
                        
                                  <h3>
                                    <a href="http://www.sainsburys.co.uk/shop/gb/groceries/fruit-flavoured/sainsburys-no-added-sugar-orangeade-2l">
                                        Sainsbury's No Added Sugar Orangeade 2L
                                        <img src="http://c2.sainsburys.co.uk/wcsstore7.20.1.145/ExtendedSitesCatalogAssetStore/images/catalog/productImages/27/0000000174527/0000000174527_L.jpeg" alt=""></a>
                                </h3>
                              
                    </div> 
                </div>
                
                <div class="errorBanner hidden" id="error650819"></div>
                <div class="addToTrolleytabBox">   
                    <!--addToTrolleytabBox GRID VIEW --><!-- Start UserSubscribedOrNot.jspf --><!-- Start UserSubscribedOrNot.jsp --><!-- 
			If the user is not logged in, render this opening 
			DIV adding an addtional class to fix the border top which is removed 
			and replaced by the tabs
		-->
		<div class="addToTrolleytabContainer addItemBorderTop">
	<!-- End AddToSubscriptionList.jsp --><!-- End AddSubscriptionList.jspf --><!-- 
                    ATTENTION!!!
                    <div class="addToTrolleytabContainer">
                    This opening div is inside "../../ReusableObjects/UserSubscribedOrNot.jsp"
                    -->
                    <div class="pricingAndTrolleyOptions">
                    	
                                    <div class="priceTab priceTabContainer activeContainer addItem" id="addItem_650819">
                                       <div class="pricing">
                                           
	<p class="pricePerUnit">
    Â£0.65<abbr title="per">/</abbr><abbr title="unit"><span class="pricePerUnitUnit">unit</span></abbr>
</p>
 
    <p class="pricePerMeasure">Â£0.03<abbr title="per">/</abbr>100<abbr title="millilitre"><span class="pricePerMeasureMeasure">ml</span></abbr>
    </p>

                                       </div>                                      

                                     
                                        <div class="addToTrolleyForm "> 
                                           <!-- BEGIN AddToTrolley.jsp -->

		<form class="addToTrolleyForm" name="OrderItemAddForm_650819" action="OrderItemAdd" method="post" id="OrderItemAddForm_650819">
		    <input type="hidden" name="storeId" value="10151"><input type="hidden" name="langId" value="44"><input type="hidden" name="catalogId" value="10241"><input type="hidden" name="errorViewName" value="CategoryDisplayView"><input type="hidden" name="SKU_ID" value="7707534"><input type="hidden" name="itemType" value=""><label class="access" for="quantity_650818">Quantity</label>
		        
					<input name="quantity" id="quantity_650818" type="text" size="3" value="1" class="quantity"><input type="hidden" name="catEntryId" value="650819"><input type="hidden" name="productId" value="650818"><input type="hidden" name="URL" value="http://www.sainsburys.co.uk/webapp/wcs/stores/servlet/CategoryDisplay?msg=&amp;langId=44&amp;storeId=10151&amp;krypto=DCnawB4kF1P62vJKWOLl4bTQS8HvnyF3y8AtfXIJZn5ESwdXVzWXj9P3bxxViiVRGtM3Cs4oohJ1OwMiSdYs%2FHY2GfWoCOubKwB9oMlZWYtt2S95pi6owxfpfNkcRIBMQ8A0nci97P2SGzTzV6Fv7DT6ViLruLFXAHjC8cEa8C0%3D&amp;ddkey=http%3Agb%2Fgroceries%2Fdrinks%2Ffruit-flavoured"><input type="hidden" name="page" value=""><input type="hidden" name="contractId" value=""><input type="hidden" name="calculateOrder" value="1"><input type="hidden" name="calculationUsage" value="-1,-2,-3"><input type="hidden" name="updateable" value="1"><input type="hidden" name="merge" value="***"><input type="hidden" name="callAjax" value="false"><input class="button process" type="submit" name="Add" value="Add">
</form>
	<!-- END AddToTrolley.jsp -->
        <div class="numberInTrolley hidden numberInTrolley_650818" id="numberInTrolley_650818">
            
        </div>
    
                                        </div>

                                        <!-- BEGIN CatalogEntryRatingsReviewsInfo.jspf --><!-- productAllowedRatingsAndReviews: true -->
    <div class="reviews">
        
	        <a class="numberOfReviews repressive" href="http://reviews.sainsburys.co.uk//8076-en_gb/7707534-P/writereview.htm?submissionurl=http%3A%2F%2Fwww.sainsburys.co.uk%2Fwebapp%2Fwcs%2Fstores%2Fservlet%2FBVReviewSubmitDisplay%3FcatalogId%3D10120%26storeId%3D10151%26recipe%3D%26langId%3D44%26productId%3D7707534-P&amp;return=http%3A%2F%2Fwww.sainsburys.co.uk%2Fwebapp%2Fwcs%2Fstores%2Fservlet%2FCategoryDisplay%3FpageSize%3D100">
	    Write a review
          	</a>
        
    </div>
<!-- END CatalogEntryRatingsReviewsInfo.jspf -->
                                   </div>
                               <!-- Start AddToSubscriptionList.jspf --><!-- Start AddToSubscriptionList.jsp --><!-- End AddToSubscriptionList.jsp --><!-- End AddToSubscriptionList.jspf -->     
                    </div>
                            
                    
    
    <div class="badges">
        <ul>
<li>

                        
                        
                        <img src="/wcsstore7.20.1.145/SainsburysStorefrontAssetStore/wcassets/icons/ico_spacer.gif" alt="Vegetarian">
</li>
                
                    
                    
                    
                     <li class="lastchild">

                        
                        
                        <img src="/wcsstore7.20.1.145/SainsburysStorefrontAssetStore/wcassets/icons/ico_spacer.gif" alt="Vegan">
</li>
                
        </ul>
</div>

                </div>     
            </div>
            <!--ThumbnailRestriction --><!-- END CatalogEntryThumbnailDisplay.jsp -->
	                            </div>
</li>
	                         

	                            <li class="gridItem" style="min-height: 475px;">
	                                <!-- BEGIN CatalogEntryThumbnailDisplay.jsp --><!-- BEGIN MerchandisingAssociationsDisplay.jsp --><!-- Start - JSP File Name:  MerchandisingAssociationsDisplay.jsp --><!-- END MerchandisingAssociationsDisplay.jsp -->
            <div class="product ">
                
                <div class="productInfo">
                    <div class="productNameAndPromotions">
                        
                                  <h3>
                                    <a href="http://www.sainsburys.co.uk/shop/gb/groceries/fruit-flavoured/irn-bru-2l">
                                        Irn-Bru 2L
                                        <img src="http://c2.sainsburys.co.uk/wcsstore7.20.1.145/ExtendedSitesCatalogAssetStore/images/catalog/productImages/27/0000050107827/0000050107827_L.jpeg" alt=""></a>
                                </h3>
                              
                    </div> 
                </div>
                
                <div class="errorBanner hidden" id="error80785"></div>
                <div class="addToTrolleytabBox">   
                    <!--addToTrolleytabBox GRID VIEW --><!-- Start UserSubscribedOrNot.jspf --><!-- Start UserSubscribedOrNot.jsp --><!-- 
			If the user is not logged in, render this opening 
			DIV adding an addtional class to fix the border top which is removed 
			and replaced by the tabs
		-->
		<div class="addToTrolleytabContainer addItemBorderTop">
	<!-- End AddToSubscriptionList.jsp --><!-- End AddSubscriptionList.jspf --><!-- 
                    ATTENTION!!!
                    <div class="addToTrolleytabContainer">
                    This opening div is inside "../../ReusableObjects/UserSubscribedOrNot.jsp"
                    -->
                    <div class="pricingAndTrolleyOptions">
                    	
                                    <div class="priceTab priceTabContainer activeContainer addItem" id="addItem_80785">
                                       <div class="pricing">
                                           
	<p class="pricePerUnit">
    Â£1.80<abbr title="per">/</abbr><abbr title="unit"><span class="pricePerUnitUnit">unit</span></abbr>
</p>
 
    <p class="pricePerMeasure">Â£0.09<abbr title="per">/</abbr>100<abbr title="millilitre"><span class="pricePerMeasureMeasure">ml</span></abbr>
    </p>

                                       </div>                                      

                                     
                                        <div class="addToTrolleyForm "> 
                                           <!-- BEGIN AddToTrolley.jsp -->

		<form class="addToTrolleyForm" name="OrderItemAddForm_80785" action="OrderItemAdd" method="post" id="OrderItemAddForm_80785">
		    <input type="hidden" name="storeId" value="10151"><input type="hidden" name="langId" value="44"><input type="hidden" name="catalogId" value="10241"><input type="hidden" name="errorViewName" value="CategoryDisplayView"><input type="hidden" name="SKU_ID" value="2178523"><input type="hidden" name="itemType" value=""><label class="access" for="quantity_80784">Quantity</label>
		        
					<input name="quantity" id="quantity_80784" type="text" size="3" value="1" class="quantity"><input type="hidden" name="catEntryId" value="80785"><input type="hidden" name="productId" value="80784"><input type="hidden" name="URL" value="http://www.sainsburys.co.uk/webapp/wcs/stores/servlet/CategoryDisplay?msg=&amp;langId=44&amp;storeId=10151&amp;krypto=DCnawB4kF1P62vJKWOLl4bTQS8HvnyF3y8AtfXIJZn5ESwdXVzWXj9P3bxxViiVRGtM3Cs4oohJ1OwMiSdYs%2FHY2GfWoCOubKwB9oMlZWYtt2S95pi6owxfpfNkcRIBMQ8A0nci97P2SGzTzV6Fv7DT6ViLruLFXAHjC8cEa8C0%3D&amp;ddkey=http%3Agb%2Fgroceries%2Fdrinks%2Ffruit-flavoured"><input type="hidden" name="page" value=""><input type="hidden" name="contractId" value=""><input type="hidden" name="calculateOrder" value="1"><input type="hidden" name="calculationUsage" value="-1,-2,-3"><input type="hidden" name="updateable" value="1"><input type="hidden" name="merge" value="***"><input type="hidden" name="callAjax" value="false"><input class="button process" type="submit" name="Add" value="Add">
</form>
	<!-- END AddToTrolley.jsp -->
        <div class="numberInTrolley hidden numberInTrolley_80784" id="numberInTrolley_80784">
            
        </div>
    
                                        </div>

                                        <!-- BEGIN CatalogEntryRatingsReviewsInfo.jspf --><!-- productAllowedRatingsAndReviews: true -->
    <div class="reviews">
        
            <a class="numberOfReviews" href="http://www.sainsburys.co.uk/shop/gb/groceries/fruit-flavoured/irn-bru-2l#reviews">
                <img src="http://c2.sainsburys.co.uk/wcsstore7.20.1.145/SainsburysStorefrontAssetStore/img/stars/rating-5_0.gif" alt="5.0" border="0">Â  
                Reviews (1)
            </a>
        
    </div>
<!-- END CatalogEntryRatingsReviewsInfo.jspf -->
                                   </div>
                               <!-- Start AddToSubscriptionList.jspf --><!-- Start AddToSubscriptionList.jsp --><!-- End AddToSubscriptionList.jsp --><!-- End AddToSubscriptionList.jspf -->     
                    </div>
                            
                    
                </div>     
            </div>
            <!--ThumbnailRestriction --><!-- END CatalogEntryThumbnailDisplay.jsp -->
	                            </div>
</li>
	                         

	                            <li class="gridItem" style="min-height: 475px;">
	                                <!-- BEGIN CatalogEntryThumbnailDisplay.jsp --><!-- BEGIN MerchandisingAssociationsDisplay.jsp --><!-- Start - JSP File Name:  MerchandisingAssociationsDisplay.jsp --><!-- END MerchandisingAssociationsDisplay.jsp -->
            <div class="product ">
                
                <div class="productInfo">
                    <div class="productNameAndPromotions">
                        
                                  <h3>
                                    <a href="http://www.sainsburys.co.uk/shop/gb/groceries/fruit-flavoured/san-pellegrino-aranciata-rossa--italian-sparkling-orange-bevarage-6x330ml">
                                        San Pellegrino Aranciata Rossa, Italian Sparkling Blood Orange 6x330ml
                                        <img src="http://c2.sainsburys.co.uk/wcsstore7.20.1.145/ExtendedSitesCatalogAssetStore/images/catalog/productImages/74/8002270756474/8002270756474_L.jpeg" alt=""></a>
                                </h3>
                              
                    </div> 
                </div>
                
                <div class="errorBanner hidden" id="error103495"></div>
                <div class="addToTrolleytabBox">   
                    <!--addToTrolleytabBox GRID VIEW --><!-- Start UserSubscribedOrNot.jspf --><!-- Start UserSubscribedOrNot.jsp --><!-- 
			If the user is not logged in, render this opening 
			DIV adding an addtional class to fix the border top which is removed 
			and replaced by the tabs
		-->
		<div class="addToTrolleytabContainer addItemBorderTop">
	<!-- End AddToSubscriptionList.jsp --><!-- End AddSubscriptionList.jspf --><!-- 
                    ATTENTION!!!
                    <div class="addToTrolleytabContainer">
                    This opening div is inside "../../ReusableObjects/UserSubscribedOrNot.jsp"
                    -->
                    <div class="pricingAndTrolleyOptions">
                    	
                                    <div class="priceTab priceTabContainer activeContainer addItem" id="addItem_103495">
                                       <div class="pricing">
                                           
	<p class="pricePerUnit">
    Â£4.40<abbr title="per">/</abbr><abbr title="unit"><span class="pricePerUnitUnit">unit</span></abbr>
</p>
 
    <p class="pricePerMeasure">Â£0.22<abbr title="per">/</abbr>100<abbr title="millilitre"><span class="pricePerMeasureMeasure">ml</span></abbr>
    </p>

                                       </div>                                      

                                     
                                        <div class="addToTrolleyForm "> 
                                           <!-- BEGIN AddToTrolley.jsp -->

		<form class="addToTrolleyForm" name="OrderItemAddForm_103495" action="OrderItemAdd" method="post" id="OrderItemAddForm_103495">
		    <input type="hidden" name="storeId" value="10151"><input type="hidden" name="langId" value="44"><input type="hidden" name="catalogId" value="10241"><input type="hidden" name="errorViewName" value="CategoryDisplayView"><input type="hidden" name="SKU_ID" value="7547011"><input type="hidden" name="itemType" value=""><label class="access" for="quantity_103494">Quantity</label>
		        
					<input name="quantity" id="quantity_103494" type="text" size="3" value="1" class="quantity"><input type="hidden" name="catEntryId" value="103495"><input type="hidden" name="productId" value="103494"><input type="hidden" name="URL" value="http://www.sainsburys.co.uk/webapp/wcs/stores/servlet/CategoryDisplay?msg=&amp;langId=44&amp;storeId=10151&amp;krypto=DCnawB4kF1P62vJKWOLl4bTQS8HvnyF3y8AtfXIJZn5ESwdXVzWXj9P3bxxViiVRGtM3Cs4oohJ1OwMiSdYs%2FHY2GfWoCOubKwB9oMlZWYtt2S95pi6owxfpfNkcRIBMQ8A0nci97P2SGzTzV6Fv7DT6ViLruLFXAHjC8cEa8C0%3D&amp;ddkey=http%3Agb%2Fgroceries%2Fdrinks%2Ffruit-flavoured"><input type="hidden" name="page" value=""><input type="hidden" name="contractId" value=""><input type="hidden" name="calculateOrder" value="1"><input type="hidden" name="calculationUsage" value="-1,-2,-3"><input type="hidden" name="updateable" value="1"><input type="hidden" name="merge" value="***"><input type="hidden" name="callAjax" value="false"><input class="button process" type="submit" name="Add" value="Add">
</form>
	<!-- END AddToTrolley.jsp -->
        <div class="numberInTrolley hidden numberInTrolley_103494" id="numberInTrolley_103494">
            
        </div>
    
                                        </div>

                                        <!-- BEGIN CatalogEntryRatingsReviewsInfo.jspf --><!-- productAllowedRatingsAndReviews: true -->
    <div class="reviews">
        
            <a class="numberOfReviews" href="http://www.sainsburys.co.uk/shop/gb/groceries/fruit-flavoured/san-pellegrino-aranciata-rossa--italian-sparkling-orange-bevarage-6x330ml#reviews">
                <img src="http://c2.sainsburys.co.uk/wcsstore7.20.1.145/SainsburysStorefrontAssetStore/img/stars/rating-4_4.gif" alt="4.4" border="0">Â  
                Reviews (5)
            </a>
        
    </div>
<!-- END CatalogEntryRatingsReviewsInfo.jspf -->
                                   </div>
                               <!-- Start AddToSubscriptionList.jspf --><!-- Start AddToSubscriptionList.jsp --><!-- End AddToSubscriptionList.jsp --><!-- End AddToSubscriptionList.jspf -->     
                    </div>
                            
                    
                </div>     
            </div>
            <!--ThumbnailRestriction --><!-- END CatalogEntryThumbnailDisplay.jsp -->
	                            </div>
</li>
	                         

	                            <li class="gridItem" style="min-height: 475px;">
	                                <!-- BEGIN CatalogEntryThumbnailDisplay.jsp --><!-- BEGIN MerchandisingAssociationsDisplay.jsp --><!-- Start - JSP File Name:  MerchandisingAssociationsDisplay.jsp --><!-- END MerchandisingAssociationsDisplay.jsp -->
            <div class="product ">
                
                <div class="productInfo">
                    <div class="productNameAndPromotions">
                        
                                  <h3>
                                    <a href="http://www.sainsburys.co.uk/shop/gb/groceries/fruit-flavoured/vimto-sparkling--no-added-sugar-6x330ml">
                                        Vimto Sparkling, No Added Sugar 6x330ml
                                        <img src="http://c2.sainsburys.co.uk/wcsstore7.20.1.145/ExtendedSitesCatalogAssetStore/images/catalog/productImages/26/5010438700026/5010438700026_L.jpeg" alt=""></a>
                                </h3>
                              
                    </div> 
                </div>
                
                <div class="errorBanner hidden" id="error94773"></div>
                <div class="addToTrolleytabBox">   
                    <!--addToTrolleytabBox GRID VIEW --><!-- Start UserSubscribedOrNot.jspf --><!-- Start UserSubscribedOrNot.jsp --><!-- 
			If the user is not logged in, render this opening 
			DIV adding an addtional class to fix the border top which is removed 
			and replaced by the tabs
		-->
		<div class="addToTrolleytabContainer addItemBorderTop">
	<!-- End AddToSubscriptionList.jsp --><!-- End AddSubscriptionList.jspf --><!-- 
                    ATTENTION!!!
                    <div class="addToTrolleytabContainer">
                    This opening div is inside "../../ReusableObjects/UserSubscribedOrNot.jsp"
                    -->
                    <div class="pricingAndTrolleyOptions">
                    	
                                    <div class="priceTab priceTabContainer activeContainer addItem" id="addItem_94773">
                                       <div class="pricing">
                                           
	<p class="pricePerUnit">
    Â£2.50<abbr title="per">/</abbr><abbr title="unit"><span class="pricePerUnitUnit">unit</span></abbr>
</p>
 
    <p class="pricePerMeasure">Â£0.13<abbr title="per">/</abbr>100<abbr title="millilitre"><span class="pricePerMeasureMeasure">ml</span></abbr>
    </p>

                                       </div>                                      

                                     
                                        <div class="addToTrolleyForm "> 
                                           <!-- BEGIN AddToTrolley.jsp -->

		<form class="addToTrolleyForm" name="OrderItemAddForm_94773" action="OrderItemAdd" method="post" id="OrderItemAddForm_94773">
		    <input type="hidden" name="storeId" value="10151"><input type="hidden" name="langId" value="44"><input type="hidden" name="catalogId" value="10241"><input type="hidden" name="errorViewName" value="CategoryDisplayView"><input type="hidden" name="SKU_ID" value="7007134"><input type="hidden" name="itemType" value=""><label class="access" for="quantity_94772">Quantity</label>
		        
					<input name="quantity" id="quantity_94772" type="text" size="3" value="1" class="quantity"><input type="hidden" name="catEntryId" value="94773"><input type="hidden" name="productId" value="94772"><input type="hidden" name="URL" value="http://www.sainsburys.co.uk/webapp/wcs/stores/servlet/CategoryDisplay?msg=&amp;langId=44&amp;storeId=10151&amp;krypto=DCnawB4kF1P62vJKWOLl4bTQS8HvnyF3y8AtfXIJZn5ESwdXVzWXj9P3bxxViiVRGtM3Cs4oohJ1OwMiSdYs%2FHY2GfWoCOubKwB9oMlZWYtt2S95pi6owxfpfNkcRIBMQ8A0nci97P2SGzTzV6Fv7DT6ViLruLFXAHjC8cEa8C0%3D&amp;ddkey=http%3Agb%2Fgroceries%2Fdrinks%2Ffruit-flavoured"><input type="hidden" name="page" value=""><input type="hidden" name="contractId" value=""><input type="hidden" name="calculateOrder" value="1"><input type="hidden" name="calculationUsage" value="-1,-2,-3"><input type="hidden" name="updateable" value="1"><input type="hidden" name="merge" value="***"><input type="hidden" name="callAjax" value="false"><input class="button process" type="submit" name="Add" value="Add">
</form>
	<!-- END AddToTrolley.jsp -->
        <div class="numberInTrolley hidden numberInTrolley_94772" id="numberInTrolley_94772">
            
        </div>
    
                                        </div>

                                        <!-- BEGIN CatalogEntryRatingsReviewsInfo.jspf --><!-- productAllowedRatingsAndReviews: true -->
    <div class="reviews">
        
            <a class="numberOfReviews" href="http://www.sainsburys.co.uk/shop/gb/groceries/fruit-flavoured/vimto-sparkling--no-added-sugar-6x330ml#reviews">
                <img src="http://c2.sainsburys.co.uk/wcsstore7.20.1.145/SainsburysStorefrontAssetStore/img/stars/rating-5_0.gif" alt="5.0" border="0">Â  
                Reviews (1)
            </a>
        
    </div>
<!-- END CatalogEntryRatingsReviewsInfo.jspf -->
                                   </div>
                               <!-- Start AddToSubscriptionList.jspf --><!-- Start AddToSubscriptionList.jsp --><!-- End AddToSubscriptionList.jsp --><!-- End AddToSubscriptionList.jspf -->     
                    </div>
                            
                    
                </div>     
            </div>
            <!--ThumbnailRestriction --><!-- END CatalogEntryThumbnailDisplay.jsp -->
	                            </div>
</li>
	                         

	                            <li class="gridItem" style="min-height: 475px;">
	                                <!-- BEGIN CatalogEntryThumbnailDisplay.jsp --><!-- BEGIN MerchandisingAssociationsDisplay.jsp --><!-- Start - JSP File Name:  MerchandisingAssociationsDisplay.jsp --><!-- END MerchandisingAssociationsDisplay.jsp -->
            <div class="product ">
                
                <div class="productInfo">
                    <div class="productNameAndPromotions">
                        
                                  <h3>
                                    <a href="http://www.sainsburys.co.uk/shop/gb/groceries/fruit-flavoured/sainsburys-no-added-sugar-cherryade-2l">
                                        Sainsbury's No Added Sugar Cherryade 2L
                                        <img src="http://c2.sainsburys.co.uk/wcsstore7.20.1.145/ExtendedSitesCatalogAssetStore/images/catalog/productImages/88/0000000056588/0000000056588_L.jpeg" alt=""></a>
                                </h3>
                              
                    </div> 
                </div>
                
                <div class="errorBanner hidden" id="error659335"></div>
                <div class="addToTrolleytabBox">   
                    <!--addToTrolleytabBox GRID VIEW --><!-- Start UserSubscribedOrNot.jspf --><!-- Start UserSubscribedOrNot.jsp --><!-- 
			If the user is not logged in, render this opening 
			DIV adding an addtional class to fix the border top which is removed 
			and replaced by the tabs
		-->
		<div class="addToTrolleytabContainer addItemBorderTop">
	<!-- End AddToSubscriptionList.jsp --><!-- End AddSubscriptionList.jspf --><!-- 
                    ATTENTION!!!
                    <div class="addToTrolleytabContainer">
                    This opening div is inside "../../ReusableObjects/UserSubscribedOrNot.jsp"
                    -->
                    <div class="pricingAndTrolleyOptions">
                    	
                                    <div class="priceTab priceTabContainer activeContainer addItem" id="addItem_659335">
                                       <div class="pricing">
                                           
	<p class="pricePerUnit">
    Â£0.65<abbr title="per">/</abbr><abbr title="unit"><span class="pricePerUnitUnit">unit</span></abbr>
</p>
 
    <p class="pricePerMeasure">Â£0.03<abbr title="per">/</abbr>100<abbr title="millilitre"><span class="pricePerMeasureMeasure">ml</span></abbr>
    </p>

                                       </div>                                      

                                     
                                        <div class="addToTrolleyForm "> 
                                           <!-- BEGIN AddToTrolley.jsp -->

		<form class="addToTrolleyForm" name="OrderItemAddForm_659335" action="OrderItemAdd" method="post" id="OrderItemAddForm_659335">
		    <input type="hidden" name="storeId" value="10151"><input type="hidden" name="langId" value="44"><input type="hidden" name="catalogId" value="10241"><input type="hidden" name="errorViewName" value="CategoryDisplayView"><input type="hidden" name="SKU_ID" value="178563"><input type="hidden" name="itemType" value=""><label class="access" for="quantity_659334">Quantity</label>
		        
					<input name="quantity" id="quantity_659334" type="text" size="3" value="1" class="quantity"><input type="hidden" name="catEntryId" value="659335"><input type="hidden" name="productId" value="659334"><input type="hidden" name="URL" value="http://www.sainsburys.co.uk/webapp/wcs/stores/servlet/CategoryDisplay?msg=&amp;langId=44&amp;storeId=10151&amp;krypto=DCnawB4kF1P62vJKWOLl4bTQS8HvnyF3y8AtfXIJZn5ESwdXVzWXj9P3bxxViiVRGtM3Cs4oohJ1OwMiSdYs%2FHY2GfWoCOubKwB9oMlZWYtt2S95pi6owxfpfNkcRIBMQ8A0nci97P2SGzTzV6Fv7DT6ViLruLFXAHjC8cEa8C0%3D&amp;ddkey=http%3Agb%2Fgroceries%2Fdrinks%2Ffruit-flavoured"><input type="hidden" name="page" value=""><input type="hidden" name="contractId" value=""><input type="hidden" name="calculateOrder" value="1"><input type="hidden" name="calculationUsage" value="-1,-2,-3"><input type="hidden" name="updateable" value="1"><input type="hidden" name="merge" value="***"><input type="hidden" name="callAjax" value="false"><input class="button process" type="submit" name="Add" value="Add">
</form>
	<!-- END AddToTrolley.jsp -->
        <div class="numberInTrolley hidden numberInTrolley_659334" id="numberInTrolley_659334">
            
        </div>
    
                                        </div>

                                        <!-- BEGIN CatalogEntryRatingsReviewsInfo.jspf --><!-- productAllowedRatingsAndReviews: true -->
    <div class="reviews">
        
	        <a class="numberOfReviews repressive" href="http://reviews.sainsburys.co.uk//8076-en_gb/178563-P/writereview.htm?submissionurl=http%3A%2F%2Fwww.sainsburys.co.uk%2Fwebapp%2Fwcs%2Fstores%2Fservlet%2FBVReviewSubmitDisplay%3FcatalogId%3D10120%26storeId%3D10151%26recipe%3D%26langId%3D44%26productId%3D178563-P&amp;return=http%3A%2F%2Fwww.sainsburys.co.uk%2Fwebapp%2Fwcs%2Fstores%2Fservlet%2FCategoryDisplay%3FpageSize%3D100">
	    Write a review
          	</a>
        
    </div>
<!-- END CatalogEntryRatingsReviewsInfo.jspf -->
                                   </div>
                               <!-- Start AddToSubscriptionList.jspf --><!-- Start AddToSubscriptionList.jsp --><!-- End AddToSubscriptionList.jsp --><!-- End AddToSubscriptionList.jspf -->     
                    </div>
                            
                    
    
    <div class="badges">
        <ul>
<li>

                        
                        
                        <img src="/wcsstore7.20.1.145/SainsburysStorefrontAssetStore/wcassets/icons/ico_spacer.gif" alt="Vegan">
</li>
                
                    
                    
                    
                     <li class="lastchild">

                        
                        
                        <img src="/wcsstore7.20.1.145/SainsburysStorefrontAssetStore/wcassets/icons/ico_spacer.gif" alt="Vegetarian">
</li>
                
        </ul>
</div>

                </div>     
            </div>
            <!--ThumbnailRestriction --><!-- END CatalogEntryThumbnailDisplay.jsp -->
	                            </div>
</li>
	                         

	                            <li class="gridItem" style="min-height: 406px;">
	                                <!-- BEGIN CatalogEntryThumbnailDisplay.jsp --><!-- BEGIN MerchandisingAssociationsDisplay.jsp --><!-- Start - JSP File Name:  MerchandisingAssociationsDisplay.jsp --><!-- END MerchandisingAssociationsDisplay.jsp -->
            <div class="product ">
                
                <div class="productInfo">
                    <div class="productNameAndPromotions">
                        
                                  <h3>
                                    <a href="http://www.sainsburys.co.uk/shop/gb/groceries/fruit-flavoured/schweppes-lemonade--diet-6x330ml">
                                        Schweppes Lemonade, Diet 6x330ml
                                        <img src="http://c2.sainsburys.co.uk/wcsstore7.20.1.145/ExtendedSitesCatalogAssetStore/images/catalog/productImages/88/5449000958488/5449000958488_L.jpeg" alt=""></a>
                                </h3>
                              
                    </div> 
                </div>
                
                <div class="errorBanner hidden" id="error92709"></div>
                <div class="addToTrolleytabBox">   
                    <!--addToTrolleytabBox GRID VIEW --><!-- Start UserSubscribedOrNot.jspf --><!-- Start UserSubscribedOrNot.jsp --><!-- 
			If the user is not logged in, render this opening 
			DIV adding an addtional class to fix the border top which is removed 
			and replaced by the tabs
		-->
		<div class="addToTrolleytabContainer addItemBorderTop">
	<!-- End AddToSubscriptionList.jsp --><!-- End AddSubscriptionList.jspf --><!-- 
                    ATTENTION!!!
                    <div class="addToTrolleytabContainer">
                    This opening div is inside "../../ReusableObjects/UserSubscribedOrNot.jsp"
                    -->
                    <div class="pricingAndTrolleyOptions">
                    	
                                    <div class="priceTab priceTabContainer activeContainer addItem" id="addItem_92709">
                                       <div class="pricing">
                                           
	<p class="pricePerUnit">
    Â£3.00<abbr title="per">/</abbr><abbr title="unit"><span class="pricePerUnitUnit">unit</span></abbr>
</p>
 
    <p class="pricePerMeasure">Â£0.15<abbr title="per">/</abbr>100<abbr title="millilitre"><span class="pricePerMeasureMeasure">ml</span></abbr>
    </p>

                                       </div>                                      

                                     
                                        <div class="addToTrolleyForm "> 
                                           <!-- BEGIN AddToTrolley.jsp -->

		<form class="addToTrolleyForm" name="OrderItemAddForm_92709" action="OrderItemAdd" method="post" id="OrderItemAddForm_92709">
		    <input type="hidden" name="storeId" value="10151"><input type="hidden" name="langId" value="44"><input type="hidden" name="catalogId" value="10241"><input type="hidden" name="errorViewName" value="CategoryDisplayView"><input type="hidden" name="SKU_ID" value="6752269"><input type="hidden" name="itemType" value=""><label class="access" for="quantity_92708">Quantity</label>
		        
					<input name="quantity" id="quantity_92708" type="text" size="3" value="1" class="quantity"><input type="hidden" name="catEntryId" value="92709"><input type="hidden" name="productId" value="92708"><input type="hidden" name="URL" value="http://www.sainsburys.co.uk/webapp/wcs/stores/servlet/CategoryDisplay?msg=&amp;langId=44&amp;storeId=10151&amp;krypto=DCnawB4kF1P62vJKWOLl4bTQS8HvnyF3y8AtfXIJZn5ESwdXVzWXj9P3bxxViiVRGtM3Cs4oohJ1OwMiSdYs%2FHY2GfWoCOubKwB9oMlZWYtt2S95pi6owxfpfNkcRIBMQ8A0nci97P2SGzTzV6Fv7DT6ViLruLFXAHjC8cEa8C0%3D&amp;ddkey=http%3Agb%2Fgroceries%2Fdrinks%2Ffruit-flavoured"><input type="hidden" name="page" value=""><input type="hidden" name="contractId" value=""><input type="hidden" name="calculateOrder" value="1"><input type="hidden" name="calculationUsage" value="-1,-2,-3"><input type="hidden" name="updateable" value="1"><input type="hidden" name="merge" value="***"><input type="hidden" name="callAjax" value="false"><input class="button process" type="submit" name="Add" value="Add">
</form>
	<!-- END AddToTrolley.jsp -->
        <div class="numberInTrolley hidden numberInTrolley_92708" id="numberInTrolley_92708">
            
        </div>
    
                                        </div>

                                        <!-- BEGIN CatalogEntryRatingsReviewsInfo.jspf --><!-- productAllowedRatingsAndReviews: true -->
    <div class="reviews">
        
            <a class="numberOfReviews" href="http://www.sainsburys.co.uk/shop/gb/groceries/fruit-flavoured/schweppes-lemonade--diet-6x330ml#reviews">
                <img src="http://c2.sainsburys.co.uk/wcsstore7.20.1.145/SainsburysStorefrontAssetStore/img/stars/rating-5_0.gif" alt="5.0" border="0">Â  
                Reviews (1)
            </a>
        
    </div>
<!-- END CatalogEntryRatingsReviewsInfo.jspf -->
                                   </div>
                               <!-- Start AddToSubscriptionList.jspf --><!-- Start AddToSubscriptionList.jsp --><!-- End AddToSubscriptionList.jsp --><!-- End AddToSubscriptionList.jspf -->     
                    </div>
                            
                    
                </div>     
            </div>
            <!--ThumbnailRestriction --><!-- END CatalogEntryThumbnailDisplay.jsp -->
	                            </div>
</li>
	                         

	                            <li class="gridItem" style="min-height: 406px;">
	                                <!-- BEGIN CatalogEntryThumbnailDisplay.jsp --><!-- BEGIN MerchandisingAssociationsDisplay.jsp --><!-- Start - JSP File Name:  MerchandisingAssociationsDisplay.jsp --><!-- END MerchandisingAssociationsDisplay.jsp -->
            <div class="product ">
                
                <div class="productInfo">
                    <div class="productNameAndPromotions">
                        
                                  <h3>
                                    <a href="http://www.sainsburys.co.uk/shop/gb/groceries/fruit-flavoured/old-jamaica-ginger-beer-330ml">
                                        Old Jamaica Ginger Beer 330ml
                                        <img src="http://c2.sainsburys.co.uk/wcsstore7.20.1.145/ExtendedSitesCatalogAssetStore/images/catalog/productImages/00/5029578000200/5029578000200_L.jpeg" alt=""></a>
                                </h3>
                              
                    </div> 
                </div>
                
                <div class="errorBanner hidden" id="error55243"></div>
                <div class="addToTrolleytabBox">   
                    <!--addToTrolleytabBox GRID VIEW --><!-- Start UserSubscribedOrNot.jspf --><!-- Start UserSubscribedOrNot.jsp --><!-- 
			If the user is not logged in, render this opening 
			DIV adding an addtional class to fix the border top which is removed 
			and replaced by the tabs
		-->
		<div class="addToTrolleytabContainer addItemBorderTop">
	<!-- End AddToSubscriptionList.jsp --><!-- End AddSubscriptionList.jspf --><!-- 
                    ATTENTION!!!
                    <div class="addToTrolleytabContainer">
                    This opening div is inside "../../ReusableObjects/UserSubscribedOrNot.jsp"
                    -->
                    <div class="pricingAndTrolleyOptions">
                    	
                                    <div class="priceTab priceTabContainer activeContainer addItem" id="addItem_55243">
                                       <div class="pricing">
                                           
	<p class="pricePerUnit">
    Â£0.45<abbr title="per">/</abbr><abbr title="unit"><span class="pricePerUnitUnit">unit</span></abbr>
</p>
 
    <p class="pricePerMeasure">Â£0.14<abbr title="per">/</abbr>100<abbr title="millilitre"><span class="pricePerMeasureMeasure">ml</span></abbr>
    </p>

                                       </div>                                      

                                     
                                        <div class="addToTrolleyForm "> 
                                           <!-- BEGIN AddToTrolley.jsp -->

		<form class="addToTrolleyForm" name="OrderItemAddForm_55243" action="OrderItemAdd" method="post" id="OrderItemAddForm_55243">
		    <input type="hidden" name="storeId" value="10151"><input type="hidden" name="langId" value="44"><input type="hidden" name="catalogId" value="10241"><input type="hidden" name="errorViewName" value="CategoryDisplayView"><input type="hidden" name="SKU_ID" value="7589926"><input type="hidden" name="itemType" value=""><label class="access" for="quantity_55242">Quantity</label>
		        
					<input name="quantity" id="quantity_55242" type="text" size="3" value="1" class="quantity"><input type="hidden" name="catEntryId" value="55243"><input type="hidden" name="productId" value="55242"><input type="hidden" name="URL" value="http://www.sainsburys.co.uk/webapp/wcs/stores/servlet/CategoryDisplay?msg=&amp;langId=44&amp;storeId=10151&amp;krypto=DCnawB4kF1P62vJKWOLl4bTQS8HvnyF3y8AtfXIJZn5ESwdXVzWXj9P3bxxViiVRGtM3Cs4oohJ1OwMiSdYs%2FHY2GfWoCOubKwB9oMlZWYtt2S95pi6owxfpfNkcRIBMQ8A0nci97P2SGzTzV6Fv7DT6ViLruLFXAHjC8cEa8C0%3D&amp;ddkey=http%3Agb%2Fgroceries%2Fdrinks%2Ffruit-flavoured"><input type="hidden" name="page" value=""><input type="hidden" name="contractId" value=""><input type="hidden" name="calculateOrder" value="1"><input type="hidden" name="calculationUsage" value="-1,-2,-3"><input type="hidden" name="updateable" value="1"><input type="hidden" name="merge" value="***"><input type="hidden" name="callAjax" value="false"><input class="button process" type="submit" name="Add" value="Add">
</form>
	<!-- END AddToTrolley.jsp -->
        <div class="numberInTrolley hidden numberInTrolley_55242" id="numberInTrolley_55242">
            
        </div>
    
                                        </div>

                                        <!-- BEGIN CatalogEntryRatingsReviewsInfo.jspf --><!-- productAllowedRatingsAndReviews: true -->
    <div class="reviews">
        
	        <a class="numberOfReviews repressive" href="http://reviews.sainsburys.co.uk//8076-en_gb/7589926-P/writereview.htm?submissionurl=http%3A%2F%2Fwww.sainsburys.co.uk%2Fwebapp%2Fwcs%2Fstores%2Fservlet%2FBVReviewSubmitDisplay%3FcatalogId%3D10241%26storeId%3D10151%26recipe%3D%26langId%3D44%26productId%3D7589926-P&amp;return=http%3A%2F%2Fwww.sainsburys.co.uk%2Fwebapp%2Fwcs%2Fstores%2Fservlet%2FAjaxApplyFilterBrowseView%3FlangId%3D44%26storeId%3D10151%26catalogId%3D10241%26categoryId%3D12392%26parent_category_rn%3D12192%26top_category%3D12192%26pageSize%3D30%26orderBy%3DFAVOURITES_ONLY%257CTOP_SELLERS%26searchTerm%3D%26beginIndex%3D0%26facet%3D4294965508%26requesttype%3Dajax">
	    Write a review
          	</a>
        
    </div>
<!-- END CatalogEntryRatingsReviewsInfo.jspf -->
                                   </div>
                               <!-- Start AddToSubscriptionList.jspf --><!-- Start AddToSubscriptionList.jsp --><!-- End AddToSubscriptionList.jsp --><!-- End AddToSubscriptionList.jspf -->     
                    </div>
                            
                    
                </div>     
            </div>
            <!--ThumbnailRestriction --><!-- END CatalogEntryThumbnailDisplay.jsp -->
	                            </div>
</li>
	                         

	                            <li class="gridItem" style="min-height: 406px;">
	                                <!-- BEGIN CatalogEntryThumbnailDisplay.jsp --><!-- BEGIN MerchandisingAssociationsDisplay.jsp --><!-- Start - JSP File Name:  MerchandisingAssociationsDisplay.jsp --><!-- END MerchandisingAssociationsDisplay.jsp -->
            <div class="product ">
                
                <div class="productInfo">
                    <div class="productNameAndPromotions">
                        
                                  <h3>
                                    <a href="http://www.sainsburys.co.uk/shop/gb/groceries/fruit-flavoured/lilt-pineapple---grapefruit--zero-6x330ml">
                                        Lilt Pineapple &amp; Grapefruit, Zero 6x330ml
                                        <img src="http://c2.sainsburys.co.uk/wcsstore7.20.1.145/ExtendedSitesCatalogAssetStore/images/catalog/productImages/41/5449000024541/5449000024541_L.jpeg" alt=""></a>
                                </h3>
                              
                    </div> 
                </div>
                
                <div class="errorBanner hidden" id="error87993"></div>
                <div class="addToTrolleytabBox">   
                    <!--addToTrolleytabBox GRID VIEW --><!-- Start UserSubscribedOrNot.jspf --><!-- Start UserSubscribedOrNot.jsp --><!-- 
			If the user is not logged in, render this opening 
			DIV adding an addtional class to fix the border top which is removed 
			and replaced by the tabs
		-->
		<div class="addToTrolleytabContainer addItemBorderTop">
	<!-- End AddToSubscriptionList.jsp --><!-- End AddSubscriptionList.jspf --><!-- 
                    ATTENTION!!!
                    <div class="addToTrolleytabContainer">
                    This opening div is inside "../../ReusableObjects/UserSubscribedOrNot.jsp"
                    -->
                    <div class="pricingAndTrolleyOptions">
                    	
                                    <div class="priceTab priceTabContainer activeContainer addItem" id="addItem_87993">
                                       <div class="pricing">
                                           
	<p class="pricePerUnit">
    Â£3.50<abbr title="per">/</abbr><abbr title="unit"><span class="pricePerUnitUnit">unit</span></abbr>
</p>
 
    <p class="pricePerMeasure">Â£0.18<abbr title="per">/</abbr>100<abbr title="millilitre"><span class="pricePerMeasureMeasure">ml</span></abbr>
    </p>

                                       </div>                                      

                                     
                                        <div class="addToTrolleyForm "> 
                                           <!-- BEGIN AddToTrolley.jsp -->

		<form class="addToTrolleyForm" name="OrderItemAddForm_87993" action="OrderItemAdd" method="post" id="OrderItemAddForm_87993">
		    <input type="hidden" name="storeId" value="10151"><input type="hidden" name="langId" value="44"><input type="hidden" name="catalogId" value="10241"><input type="hidden" name="errorViewName" value="CategoryDisplayView"><input type="hidden" name="SKU_ID" value="6310560"><input type="hidden" name="itemType" value=""><label class="access" for="quantity_87992">Quantity</label>
		        
					<input name="quantity" id="quantity_87992" type="text" size="3" value="1" class="quantity"><input type="hidden" name="catEntryId" value="87993"><input type="hidden" name="productId" value="87992"><input type="hidden" name="URL" value="http://www.sainsburys.co.uk/webapp/wcs/stores/servlet/CategoryDisplay?msg=&amp;langId=44&amp;storeId=10151&amp;krypto=DCnawB4kF1P62vJKWOLl4bTQS8HvnyF3y8AtfXIJZn5ESwdXVzWXj9P3bxxViiVRGtM3Cs4oohJ1OwMiSdYs%2FHY2GfWoCOubKwB9oMlZWYtt2S95pi6owxfpfNkcRIBMQ8A0nci97P2SGzTzV6Fv7DT6ViLruLFXAHjC8cEa8C0%3D&amp;ddkey=http%3Agb%2Fgroceries%2Fdrinks%2Ffruit-flavoured"><input type="hidden" name="page" value=""><input type="hidden" name="contractId" value=""><input type="hidden" name="calculateOrder" value="1"><input type="hidden" name="calculationUsage" value="-1,-2,-3"><input type="hidden" name="updateable" value="1"><input type="hidden" name="merge" value="***"><input type="hidden" name="callAjax" value="false"><input class="button process" type="submit" name="Add" value="Add">
</form>
	<!-- END AddToTrolley.jsp -->
        <div class="numberInTrolley hidden numberInTrolley_87992" id="numberInTrolley_87992">
            
        </div>
    
                                        </div>

                                        <!-- BEGIN CatalogEntryRatingsReviewsInfo.jspf --><!-- productAllowedRatingsAndReviews: true -->
    <div class="reviews">
        
            <a class="numberOfReviews" href="http://www.sainsburys.co.uk/shop/gb/groceries/fruit-flavoured/lilt-pineapple---grapefruit--zero-6x330ml#reviews">
                <img src="http://c2.sainsburys.co.uk/wcsstore7.20.1.145/SainsburysStorefrontAssetStore/img/stars/rating-5_0.gif" alt="5.0" border="0">Â  
                Reviews (3)
            </a>
        
    </div>
<!-- END CatalogEntryRatingsReviewsInfo.jspf -->
                                   </div>
                               <!-- Start AddToSubscriptionList.jspf --><!-- Start AddToSubscriptionList.jsp --><!-- End AddToSubscriptionList.jsp --><!-- End AddToSubscriptionList.jspf -->     
                    </div>
                            
                    
                </div>     
            </div>
            <!--ThumbnailRestriction --><!-- END CatalogEntryThumbnailDisplay.jsp -->
	                            </div>
</li>
	                         

	                            <li class="gridItem" style="min-height: 448px;">
	                                <!-- BEGIN CatalogEntryThumbnailDisplay.jsp --><!-- BEGIN MerchandisingAssociationsDisplay.jsp --><!-- Start - JSP File Name:  MerchandisingAssociationsDisplay.jsp --><!-- END MerchandisingAssociationsDisplay.jsp -->
            <div class="product  straplineRow">
                
                <div class="productInfo">
                    <div class="productNameAndPromotions">
                        
                                  <h3>
                                    <a href="http://www.sainsburys.co.uk/shop/gb/groceries/fruit-flavoured/irn-bru-sugar-free-2l">
                                        Irn-Bru Sugar Free 2L
                                        <img src="http://c2.sainsburys.co.uk/wcsstore7.20.1.145/ExtendedSitesCatalogAssetStore/images/catalog/productImages/11/0000050382811/0000050382811_L.jpeg" alt=""></a>
                                </h3>
                              
                    </div> 
                </div>
                
                <div class="errorBanner hidden" id="error80787"></div>
                <div class="addToTrolleytabBox">   
                    <!--addToTrolleytabBox GRID VIEW --><!-- Start UserSubscribedOrNot.jspf --><!-- Start UserSubscribedOrNot.jsp --><!-- 
			If the user is not logged in, render this opening 
			DIV adding an addtional class to fix the border top which is removed 
			and replaced by the tabs
		-->
		<div class="addToTrolleytabContainer addItemBorderTop">
	<!-- End AddToSubscriptionList.jsp --><!-- End AddSubscriptionList.jspf --><!-- 
                    ATTENTION!!!
                    <div class="addToTrolleytabContainer">
                    This opening div is inside "../../ReusableObjects/UserSubscribedOrNot.jsp"
                    -->
                    <div class="pricingAndTrolleyOptions">
                    	
                                    <div class="priceTab priceTabContainer activeContainer addItem" id="addItem_80787">
                                       <div class="pricing">
                                           
	<p class="pricePerUnit">
    Â£1.80<abbr title="per">/</abbr><abbr title="unit"><span class="pricePerUnitUnit">unit</span></abbr>
</p>
 
    <p class="pricePerMeasure">Â£0.09<abbr title="per">/</abbr>100<abbr title="millilitre"><span class="pricePerMeasureMeasure">ml</span></abbr>
    </p>

                                       </div>                                      

                                     
                                        <div class="addToTrolleyForm "> 
                                           <!-- BEGIN AddToTrolley.jsp -->

		<form class="addToTrolleyForm" name="OrderItemAddForm_80787" action="OrderItemAdd" method="post" id="OrderItemAddForm_80787">
		    <input type="hidden" name="storeId" value="10151"><input type="hidden" name="langId" value="44"><input type="hidden" name="catalogId" value="10241"><input type="hidden" name="errorViewName" value="CategoryDisplayView"><input type="hidden" name="SKU_ID" value="2178615"><input type="hidden" name="itemType" value=""><label class="access" for="quantity_80786">Quantity</label>
		        
					<input name="quantity" id="quantity_80786" type="text" size="3" value="1" class="quantity"><input type="hidden" name="catEntryId" value="80787"><input type="hidden" name="productId" value="80786"><input type="hidden" name="URL" value="http://www.sainsburys.co.uk/webapp/wcs/stores/servlet/CategoryDisplay?msg=&amp;langId=44&amp;storeId=10151&amp;krypto=DCnawB4kF1P62vJKWOLl4bTQS8HvnyF3y8AtfXIJZn5ESwdXVzWXj9P3bxxViiVRGtM3Cs4oohJ1OwMiSdYs%2FHY2GfWoCOubKwB9oMlZWYtt2S95pi6owxfpfNkcRIBMQ8A0nci97P2SGzTzV6Fv7DT6ViLruLFXAHjC8cEa8C0%3D&amp;ddkey=http%3Agb%2Fgroceries%2Fdrinks%2Ffruit-flavoured"><input type="hidden" name="page" value=""><input type="hidden" name="contractId" value=""><input type="hidden" name="calculateOrder" value="1"><input type="hidden" name="calculationUsage" value="-1,-2,-3"><input type="hidden" name="updateable" value="1"><input type="hidden" name="merge" value="***"><input type="hidden" name="callAjax" value="false"><input class="button process" type="submit" name="Add" value="Add">
</form>
	<!-- END AddToTrolley.jsp -->
        <div class="numberInTrolley hidden numberInTrolley_80786" id="numberInTrolley_80786">
            
        </div>
    
                                        </div>

                                        <!-- BEGIN CatalogEntryRatingsReviewsInfo.jspf --><!-- productAllowedRatingsAndReviews: true -->
    <div class="reviews">
        
            <a class="numberOfReviews" href="http://www.sainsburys.co.uk/shop/gb/groceries/fruit-flavoured/irn-bru-sugar-free-2l#reviews">
                <img src="http://c2.sainsburys.co.uk/wcsstore7.20.1.145/SainsburysStorefrontAssetStore/img/stars/rating-5_0.gif" alt="5.0" border="0">Â  
                Reviews (1)
            </a>
        
    </div>
<!-- END CatalogEntryRatingsReviewsInfo.jspf -->
                                   </div>
                               <!-- Start AddToSubscriptionList.jspf --><!-- Start AddToSubscriptionList.jsp --><!-- End AddToSubscriptionList.jsp --><!-- End AddToSubscriptionList.jspf -->     
                    </div>
                            
                    
                </div>     
            </div>
            <!--ThumbnailRestriction --><!-- END CatalogEntryThumbnailDisplay.jsp -->
	                            </div>
</li>
	                         

	                            <li class="gridItem" style="min-height: 448px;">
	                                <!-- BEGIN CatalogEntryThumbnailDisplay.jsp --><!-- BEGIN MerchandisingAssociationsDisplay.jsp --><!-- Start - JSP File Name:  MerchandisingAssociationsDisplay.jsp --><!-- END MerchandisingAssociationsDisplay.jsp -->
            <div class="product  straplineRow">
                
                <div class="productInfo">
                    <div class="productNameAndPromotions">
                        
                                  <h3>
                                    <a href="http://www.sainsburys.co.uk/shop/gb/groceries/fruit-flavoured/vimto-fizzy--no-added-sugar-2l">
                                        Vimto Fizzy, No Added Sugar 2L
                                        <img src="http://c2.sainsburys.co.uk/wcsstore7.20.1.145/ExtendedSitesCatalogAssetStore/images/catalog/productImages/78/5010438011078/5010438011078_L.jpeg" alt=""></a>
                                </h3>
                              
                    </div> 
                </div>
                
                <div class="errorBanner hidden" id="error92715"></div>
                <div class="addToTrolleytabBox">   
                    <!--addToTrolleytabBox GRID VIEW --><!-- Start UserSubscribedOrNot.jspf --><!-- Start UserSubscribedOrNot.jsp --><!-- 
			If the user is not logged in, render this opening 
			DIV adding an addtional class to fix the border top which is removed 
			and replaced by the tabs
		-->
		<div class="addToTrolleytabContainer addItemBorderTop">
	<!-- End AddToSubscriptionList.jsp --><!-- End AddSubscriptionList.jspf --><!-- 
                    ATTENTION!!!
                    <div class="addToTrolleytabContainer">
                    This opening div is inside "../../ReusableObjects/UserSubscribedOrNot.jsp"
                    -->
                    <div class="pricingAndTrolleyOptions">
                    	
                                    <div class="priceTab priceTabContainer activeContainer addItem" id="addItem_92715">
                                       <div class="pricing">
                                           
	<p class="pricePerUnit">
    Â£1.30<abbr title="per">/</abbr><abbr title="unit"><span class="pricePerUnitUnit">unit</span></abbr>
</p>
 
    <p class="pricePerMeasure">Â£0.07<abbr title="per">/</abbr>100<abbr title="millilitre"><span class="pricePerMeasureMeasure">ml</span></abbr>
    </p>

                                       </div>                                      

                                     
                                        <div class="addToTrolleyForm "> 
                                           <!-- BEGIN AddToTrolley.jsp -->

		<form class="addToTrolleyForm" name="OrderItemAddForm_92715" action="OrderItemAdd" method="post" id="OrderItemAddForm_92715">
		    <input type="hidden" name="storeId" value="10151"><input type="hidden" name="langId" value="44"><input type="hidden" name="catalogId" value="10241"><input type="hidden" name="errorViewName" value="CategoryDisplayView"><input type="hidden" name="SKU_ID" value="6752358"><input type="hidden" name="itemType" value=""><label class="access" for="quantity_92714">Quantity</label>
		        
					<input name="quantity" id="quantity_92714" type="text" size="3" value="1" class="quantity"><input type="hidden" name="catEntryId" value="92715"><input type="hidden" name="productId" value="92714"><input type="hidden" name="URL" value="http://www.sainsburys.co.uk/webapp/wcs/stores/servlet/CategoryDisplay?msg=&amp;langId=44&amp;storeId=10151&amp;krypto=DCnawB4kF1P62vJKWOLl4bTQS8HvnyF3y8AtfXIJZn5ESwdXVzWXj9P3bxxViiVRGtM3Cs4oohJ1OwMiSdYs%2FHY2GfWoCOubKwB9oMlZWYtt2S95pi6owxfpfNkcRIBMQ8A0nci97P2SGzTzV6Fv7DT6ViLruLFXAHjC8cEa8C0%3D&amp;ddkey=http%3Agb%2Fgroceries%2Fdrinks%2Ffruit-flavoured"><input type="hidden" name="page" value=""><input type="hidden" name="contractId" value=""><input type="hidden" name="calculateOrder" value="1"><input type="hidden" name="calculationUsage" value="-1,-2,-3"><input type="hidden" name="updateable" value="1"><input type="hidden" name="merge" value="***"><input type="hidden" name="callAjax" value="false"><input class="button process" type="submit" name="Add" value="Add">
</form>
	<!-- END AddToTrolley.jsp -->
        <div class="numberInTrolley hidden numberInTrolley_92714" id="numberInTrolley_92714">
            
        </div>
    
                                        </div>

                                        <!-- BEGIN CatalogEntryRatingsReviewsInfo.jspf --><!-- productAllowedRatingsAndReviews: true -->
    <div class="reviews">
        
	        <a class="numberOfReviews repressive" href="http://reviews.sainsburys.co.uk//8076-en_gb/6752358-P/writereview.htm?submissionurl=http%3A%2F%2Fwww.sainsburys.co.uk%2Fwebapp%2Fwcs%2Fstores%2Fservlet%2FBVReviewSubmitDisplay%3FcatalogId%3D10120%26storeId%3D10151%26recipe%3D%26langId%3D44%26productId%3D6752358-P&amp;return=http%3A%2F%2Fwww.sainsburys.co.uk%2Fwebapp%2Fwcs%2Fstores%2Fservlet%2FCategoryDisplay%3FpageSize%3D100">
	    Write a review
          	</a>
        
    </div>
<!-- END CatalogEntryRatingsReviewsInfo.jspf -->
                                   </div>
                               <!-- Start AddToSubscriptionList.jspf --><!-- Start AddToSubscriptionList.jsp --><!-- End AddToSubscriptionList.jsp --><!-- End AddToSubscriptionList.jspf -->     
                    </div>
                            
                    
                </div>     
            </div>
            <!--ThumbnailRestriction --><!-- END CatalogEntryThumbnailDisplay.jsp -->
	                            </div>
</li>
	                         

	                            <li class="gridItem" style="min-height: 448px;">
	                                <!-- BEGIN CatalogEntryThumbnailDisplay.jsp --><!-- BEGIN MerchandisingAssociationsDisplay.jsp --><!-- Start - JSP File Name:  MerchandisingAssociationsDisplay.jsp --><!-- END MerchandisingAssociationsDisplay.jsp -->
            <div class="product  highlighted specialOffer straplineRow">
                
                <div class="productInfo">
                    <div class="productNameAndPromotions">
                        
                                  <h3>
                                    <a href="http://www.sainsburys.co.uk/shop/gb/groceries/fruit-flavoured/tango-orange-6x330ml">
                                        Tango Orange 6x330ml
                                        <img src="http://c2.sainsburys.co.uk/wcsstore7.20.1.145/ExtendedSitesCatalogAssetStore/images/catalog/productImages/33/5010041000933/5010041000933_L.jpeg" alt=""></a>
                                </h3>
                              
    <div class="promotion">
                   
		            <p><a href="http://www.sainsburys.co.uk/shop/PromotionDisplayView?catalogId=10241&amp;langId=44&amp;productId=99808&amp;storeId=10151&amp;promotionId=10232931"><!-- BEGIN include/PromotionStrapline.jspf -->Only Â£2.50: Save 50p<br><!-- FINISH include/PromotionStrapline.jspf --></a></p>
		                        
    </div>

                    </div> 
                </div>
                
        <div class="strapline"><a href="http://www.sainsburys.co.uk/shop/PromotionDisplayView?catalogId=10241&amp;langId=44&amp;productId=99808&amp;storeId=10151&amp;promotionId=10232931"><img src="/wcsstore7.20.1.145/SainsburysStorefrontAssetStore/wcassets/icons/special/img-special-offer.png" alt="Special Offer"></a></div>
    
                <div class="errorBanner hidden" id="error99809"></div>
                <div class="addToTrolleytabBox">   
                    <!--addToTrolleytabBox GRID VIEW --><!-- Start UserSubscribedOrNot.jspf --><!-- Start UserSubscribedOrNot.jsp --><!-- 
			If the user is not logged in, render this opening 
			DIV adding an addtional class to fix the border top which is removed 
			and replaced by the tabs
		-->
		<div class="addToTrolleytabContainer addItemBorderTop">
	<!-- End AddToSubscriptionList.jsp --><!-- End AddSubscriptionList.jspf --><!-- 
                    ATTENTION!!!
                    <div class="addToTrolleytabContainer">
                    This opening div is inside "../../ReusableObjects/UserSubscribedOrNot.jsp"
                    -->
                    <div class="pricingAndTrolleyOptions">
                    	
                                    <div class="priceTab priceTabContainer activeContainer addItem" id="addItem_99809">
                                       <div class="pricing">
                                           
	<p class="pricePerUnit">
    Â£2.50<abbr title="per">/</abbr><abbr title="unit"><span class="pricePerUnitUnit">unit</span></abbr>
</p>
 
    <p class="pricePerMeasure">Â£0.12<abbr title="per">/</abbr>100<abbr title="millilitre"><span class="pricePerMeasureMeasure">ml</span></abbr>
    </p>

                                       </div>                                      

                                     
                                        <div class="addToTrolleyForm "> 
                                           <!-- BEGIN AddToTrolley.jsp -->

		<form class="addToTrolleyForm" name="OrderItemAddForm_99809" action="OrderItemAdd" method="post" id="OrderItemAddForm_99809">
		    <input type="hidden" name="storeId" value="10151"><input type="hidden" name="langId" value="44"><input type="hidden" name="catalogId" value="10241"><input type="hidden" name="errorViewName" value="CategoryDisplayView"><input type="hidden" name="SKU_ID" value="7465336"><input type="hidden" name="itemType" value=""><label class="access" for="quantity_99808">Quantity</label>
		        
					<input name="quantity" id="quantity_99808" type="text" size="3" value="1" class="quantity"><input type="hidden" name="catEntryId" value="99809"><input type="hidden" name="productId" value="99808"><input type="hidden" name="URL" value="http://www.sainsburys.co.uk/webapp/wcs/stores/servlet/CategoryDisplay?msg=&amp;langId=44&amp;storeId=10151&amp;krypto=DCnawB4kF1P62vJKWOLl4bTQS8HvnyF3y8AtfXIJZn5ESwdXVzWXj9P3bxxViiVRGtM3Cs4oohJ1OwMiSdYs%2FHY2GfWoCOubKwB9oMlZWYtt2S95pi6owxfpfNkcRIBMQ8A0nci97P2SGzTzV6Fv7DT6ViLruLFXAHjC8cEa8C0%3D&amp;ddkey=http%3Agb%2Fgroceries%2Fdrinks%2Ffruit-flavoured"><input type="hidden" name="page" value=""><input type="hidden" name="contractId" value=""><input type="hidden" name="calculateOrder" value="1"><input type="hidden" name="calculationUsage" value="-1,-2,-3"><input type="hidden" name="updateable" value="1"><input type="hidden" name="merge" value="***"><input type="hidden" name="callAjax" value="false"><input class="button process" type="submit" name="Add" value="Add">
</form>
	<!-- END AddToTrolley.jsp -->
        <div class="numberInTrolley hidden numberInTrolley_99808" id="numberInTrolley_99808">
            
        </div>
    
                                        </div>

                                        <!-- BEGIN CatalogEntryRatingsReviewsInfo.jspf --><!-- productAllowedRatingsAndReviews: true -->
    <div class="reviews">
        
	        <a class="numberOfReviews repressive" href="http://reviews.sainsburys.co.uk//8076-en_gb/7465336-P/writereview.htm?submissionurl=http%3A%2F%2Fwww.sainsburys.co.uk%2Fwebapp%2Fwcs%2Fstores%2Fservlet%2FBVReviewSubmitDisplay%3FcatalogId%3D10241%26storeId%3D10151%26recipe%3D%26langId%3D44%26productId%3D7465336-P&amp;return=http%3A%2F%2Fwww.sainsburys.co.uk%2Fwebapp%2Fwcs%2Fstores%2Fservlet%2FAjaxApplyFilterBrowseView%3FlangId%3D44%26storeId%3D10151%26catalogId%3D10241%26categoryId%3D12392%26parent_category_rn%3D12192%26top_category%3D12192%26pageSize%3D30%26orderBy%3DFAVOURITES_ONLY%257CTOP_SELLERS%26searchTerm%3D%26beginIndex%3D0%26facet%3D88%26requesttype%3Dajax">
	    Write a review
          	</a>
        
    </div>
<!-- END CatalogEntryRatingsReviewsInfo.jspf -->
                                   </div>
                               <!-- Start AddToSubscriptionList.jspf --><!-- Start AddToSubscriptionList.jsp --><!-- End AddToSubscriptionList.jsp --><!-- End AddToSubscriptionList.jspf -->     
                    </div>
                            
                    
                </div>     
            </div>
            <!--ThumbnailRestriction --><!-- END CatalogEntryThumbnailDisplay.jsp -->
	                            </div>
</li>
	                         

	                            <li class="gridItem" style="min-height: 448px;">
	                                <!-- BEGIN CatalogEntryThumbnailDisplay.jsp --><!-- BEGIN MerchandisingAssociationsDisplay.jsp --><!-- Start - JSP File Name:  MerchandisingAssociationsDisplay.jsp --><!-- END MerchandisingAssociationsDisplay.jsp -->
            <div class="product  highlighted specialOffer straplineRow">
                
                <div class="productInfo">
                    <div class="productNameAndPromotions">
                        
                                  <h3>
                                    <a href="http://www.sainsburys.co.uk/shop/gb/groceries/fruit-flavoured/lucozade-energy-original-500ml">
                                        Lucozade Energy Original 500ml
                                        <img src="http://c2.sainsburys.co.uk/wcsstore7.20.1.145/ExtendedSitesCatalogAssetStore/images/catalog/productImages/12/5054267000612/5054267000612_L.jpeg" alt=""></a>
                                </h3>
                              
    <div class="promotion">
                   
		            <p><a href="http://www.sainsburys.co.uk/shop/PromotionDisplayView?catalogId=10241&amp;langId=44&amp;productId=43598&amp;storeId=10151&amp;promotionId=10232899"><!-- BEGIN include/PromotionStrapline.jspf -->Only Â£1.00: Save 20p<br><!-- FINISH include/PromotionStrapline.jspf --></a></p>
		                        
    </div>

                    </div> 
                </div>
                
        <div class="strapline"><a href="http://www.sainsburys.co.uk/shop/PromotionDisplayView?catalogId=10241&amp;langId=44&amp;productId=43598&amp;storeId=10151&amp;promotionId=10232899"><img src="/wcsstore7.20.1.145/SainsburysStorefrontAssetStore/wcassets/icons/special/img-special-offer.png" alt="Special Offer"></a></div>
    
                <div class="errorBanner hidden" id="error43599"></div>
                <div class="addToTrolleytabBox">   
                    <!--addToTrolleytabBox GRID VIEW --><!-- Start UserSubscribedOrNot.jspf --><!-- Start UserSubscribedOrNot.jsp --><!-- 
			If the user is not logged in, render this opening 
			DIV adding an addtional class to fix the border top which is removed 
			and replaced by the tabs
		-->
		<div class="addToTrolleytabContainer addItemBorderTop">
	<!-- End AddToSubscriptionList.jsp --><!-- End AddSubscriptionList.jspf --><!-- 
                    ATTENTION!!!
                    <div class="addToTrolleytabContainer">
                    This opening div is inside "../../ReusableObjects/UserSubscribedOrNot.jsp"
                    -->
                    <div class="pricingAndTrolleyOptions">
                    	
                                    <div class="priceTab priceTabContainer activeContainer addItem" id="addItem_43599">
                                       <div class="pricing">
                                           
	<p class="pricePerUnit">
    Â£1.00<abbr title="per">/</abbr><abbr title="unit"><span class="pricePerUnitUnit">unit</span></abbr>
</p>
 
    <p class="pricePerMeasure">Â£0.20<abbr title="per">/</abbr>100<abbr title="millilitre"><span class="pricePerMeasureMeasure">ml</span></abbr>
    </p>

                                       </div>                                      

                                     
                                        <div class="addToTrolleyForm "> 
                                           <!-- BEGIN AddToTrolley.jsp -->

		<form class="addToTrolleyForm" name="OrderItemAddForm_43599" action="OrderItemAdd" method="post" id="OrderItemAddForm_43599">
		    <input type="hidden" name="storeId" value="10151"><input type="hidden" name="langId" value="44"><input type="hidden" name="catalogId" value="10241"><input type="hidden" name="errorViewName" value="CategoryDisplayView"><input type="hidden" name="SKU_ID" value="6478531"><input type="hidden" name="itemType" value=""><label class="access" for="quantity_43598">Quantity</label>
		        
					<input name="quantity" id="quantity_43598" type="text" size="3" value="1" class="quantity"><input type="hidden" name="catEntryId" value="43599"><input type="hidden" name="productId" value="43598"><input type="hidden" name="URL" value="http://www.sainsburys.co.uk/webapp/wcs/stores/servlet/CategoryDisplay?msg=&amp;langId=44&amp;storeId=10151&amp;krypto=DCnawB4kF1P62vJKWOLl4bTQS8HvnyF3y8AtfXIJZn5ESwdXVzWXj9P3bxxViiVRGtM3Cs4oohJ1OwMiSdYs%2FHY2GfWoCOubKwB9oMlZWYtt2S95pi6owxfpfNkcRIBMQ8A0nci97P2SGzTzV6Fv7DT6ViLruLFXAHjC8cEa8C0%3D&amp;ddkey=http%3Agb%2Fgroceries%2Fdrinks%2Ffruit-flavoured"><input type="hidden" name="page" value=""><input type="hidden" name="contractId" value=""><input type="hidden" name="calculateOrder" value="1"><input type="hidden" name="calculationUsage" value="-1,-2,-3"><input type="hidden" name="updateable" value="1"><input type="hidden" name="merge" value="***"><input type="hidden" name="callAjax" value="false"><input class="button process" type="submit" name="Add" value="Add">
</form>
	<!-- END AddToTrolley.jsp -->
        <div class="numberInTrolley hidden numberInTrolley_43598" id="numberInTrolley_43598">
            
        </div>
    
                                        </div>

                                        <!-- BEGIN CatalogEntryRatingsReviewsInfo.jspf --><!-- productAllowedRatingsAndReviews: true -->
    <div class="reviews">
        
	        <a class="numberOfReviews repressive" href="http://reviews.sainsburys.co.uk//8076-en_gb/6478531-P/writereview.htm?submissionurl=http%3A%2F%2Fwww.sainsburys.co.uk%2Fwebapp%2Fwcs%2Fstores%2Fservlet%2FBVReviewSubmitDisplay%3FcatalogId%3D10241%26storeId%3D10151%26recipe%3D%26langId%3D44%26productId%3D6478531-P&amp;return=http%3A%2F%2Fwww.sainsburys.co.uk%2Fwebapp%2Fwcs%2Fstores%2Fservlet%2FAjaxApplyFilterBrowseView%3FlangId%3D44%26storeId%3D10151%26catalogId%3D10241%26categoryId%3D12392%26parent_category_rn%3D12192%26top_category%3D12192%26pageSize%3D30%26orderBy%3DFAVOURITES_ONLY%257CTOP_SELLERS%26searchTerm%3D%26beginIndex%3D0%26facet%3D88%26requesttype%3Dajax">
	    Write a review
          	</a>
        
    </div>
<!-- END CatalogEntryRatingsReviewsInfo.jspf -->
                                   </div>
                               <!-- Start AddToSubscriptionList.jspf --><!-- Start AddToSubscriptionList.jsp --><!-- End AddToSubscriptionList.jsp --><!-- End AddToSubscriptionList.jspf -->     
                    </div>
                            
                    
                </div>     
            </div>
            <!--ThumbnailRestriction --><!-- END CatalogEntryThumbnailDisplay.jsp -->
	                            </div>
</li>
	                         

	                            <li class="gridItem" style="min-height: 448px;">
	                                <!-- BEGIN CatalogEntryThumbnailDisplay.jsp --><!-- BEGIN MerchandisingAssociationsDisplay.jsp --><!-- Start - JSP File Name:  MerchandisingAssociationsDisplay.jsp --><!-- END MerchandisingAssociationsDisplay.jsp -->
            <div class="product  straplineRow">
                
                <div class="productInfo">
                    <div class="productNameAndPromotions">
                        
                                  <h3>
                                    <a href="http://www.sainsburys.co.uk/shop/gb/groceries/fruit-flavoured/fanta-orange-sparkling-drink-500ml">
                                        Fanta Orange Sparkling Drink 500ml
                                        <img src="http://c2.sainsburys.co.uk/wcsstore7.20.1.145/ExtendedSitesCatalogAssetStore/images/catalog/productImages/38/0000040822938/0000040822938_L.jpeg" alt=""></a>
                                </h3>
                              
                    </div> 
                </div>
                
                <div class="errorBanner hidden" id="error39197"></div>
                <div class="addToTrolleytabBox">   
                    <!--addToTrolleytabBox GRID VIEW --><!-- Start UserSubscribedOrNot.jspf --><!-- Start UserSubscribedOrNot.jsp --><!-- 
			If the user is not logged in, render this opening 
			DIV adding an addtional class to fix the border top which is removed 
			and replaced by the tabs
		-->
		<div class="addToTrolleytabContainer addItemBorderTop">
	<!-- End AddToSubscriptionList.jsp --><!-- End AddSubscriptionList.jspf --><!-- 
                    ATTENTION!!!
                    <div class="addToTrolleytabContainer">
                    This opening div is inside "../../ReusableObjects/UserSubscribedOrNot.jsp"
                    -->
                    <div class="pricingAndTrolleyOptions">
                    	
                                    <div class="priceTab priceTabContainer activeContainer addItem" id="addItem_39197">
                                       <div class="pricing">
                                           
	<p class="pricePerUnit">
    Â£1.30<abbr title="per">/</abbr><abbr title="unit"><span class="pricePerUnitUnit">unit</span></abbr>
</p>
 
    <p class="pricePerMeasure">Â£0.26<abbr title="per">/</abbr>100<abbr title="millilitre"><span class="pricePerMeasureMeasure">ml</span></abbr>
    </p>

                                       </div>                                      

                                     
                                        <div class="addToTrolleyForm "> 
                                           <!-- BEGIN AddToTrolley.jsp -->

		<form class="addToTrolleyForm" name="OrderItemAddForm_39197" action="OrderItemAdd" method="post" id="OrderItemAddForm_39197">
		    <input type="hidden" name="storeId" value="10151"><input type="hidden" name="langId" value="44"><input type="hidden" name="catalogId" value="10241"><input type="hidden" name="errorViewName" value="CategoryDisplayView"><input type="hidden" name="SKU_ID" value="3300510"><input type="hidden" name="itemType" value=""><label class="access" for="quantity_39196">Quantity</label>
		        
					<input name="quantity" id="quantity_39196" type="text" size="3" value="1" class="quantity"><input type="hidden" name="catEntryId" value="39197"><input type="hidden" name="productId" value="39196"><input type="hidden" name="URL" value="http://www.sainsburys.co.uk/webapp/wcs/stores/servlet/CategoryDisplay?msg=&amp;langId=44&amp;storeId=10151&amp;krypto=DCnawB4kF1P62vJKWOLl4bTQS8HvnyF3y8AtfXIJZn5ESwdXVzWXj9P3bxxViiVRGtM3Cs4oohJ1OwMiSdYs%2FHY2GfWoCOubKwB9oMlZWYtt2S95pi6owxfpfNkcRIBMQ8A0nci97P2SGzTzV6Fv7DT6ViLruLFXAHjC8cEa8C0%3D&amp;ddkey=http%3Agb%2Fgroceries%2Fdrinks%2Ffruit-flavoured"><input type="hidden" name="page" value=""><input type="hidden" name="contractId" value=""><input type="hidden" name="calculateOrder" value="1"><input type="hidden" name="calculationUsage" value="-1,-2,-3"><input type="hidden" name="updateable" value="1"><input type="hidden" name="merge" value="***"><input type="hidden" name="callAjax" value="false"><input class="button process" type="submit" name="Add" value="Add">
</form>
	<!-- END AddToTrolley.jsp -->
        <div class="numberInTrolley hidden numberInTrolley_39196" id="numberInTrolley_39196">
            
        </div>
    
                                        </div>

                                        <!-- BEGIN CatalogEntryRatingsReviewsInfo.jspf --><!-- productAllowedRatingsAndReviews: true -->
    <div class="reviews">
        
	        <a class="numberOfReviews repressive" href="http://reviews.sainsburys.co.uk//8076-en_gb/3300510-P/writereview.htm?submissionurl=http%3A%2F%2Fwww.sainsburys.co.uk%2Fwebapp%2Fwcs%2Fstores%2Fservlet%2FBVReviewSubmitDisplay%3FcatalogId%3D10143%26storeId%3D10151%26recipe%3D%26langId%3D44%26productId%3D3300510-P&amp;return=http%3A%2F%2Fwww.sainsburys.co.uk%2Fwebapp%2Fwcs%2Fstores%2Fservlet%2FCategoryDisplay%3FpageSize%3D100">
	    Write a review
          	</a>
        
    </div>
<!-- END CatalogEntryRatingsReviewsInfo.jspf -->
                                   </div>
                               <!-- Start AddToSubscriptionList.jspf --><!-- Start AddToSubscriptionList.jsp --><!-- End AddToSubscriptionList.jsp --><!-- End AddToSubscriptionList.jspf -->     
                    </div>
                            
                    
                </div>     
            </div>
            <!--ThumbnailRestriction --><!-- END CatalogEntryThumbnailDisplay.jsp -->
	                            </div>
</li>
	                         

	                            <li class="gridItem" style="min-height: 448px;">
	                                <!-- BEGIN CatalogEntryThumbnailDisplay.jsp --><!-- BEGIN MerchandisingAssociationsDisplay.jsp --><!-- Start - JSP File Name:  MerchandisingAssociationsDisplay.jsp --><!-- END MerchandisingAssociationsDisplay.jsp -->
            <div class="product  straplineRow">
                
                <div class="productInfo">
                    <div class="productNameAndPromotions">
                        
                                  <h3>
                                    <a href="http://www.sainsburys.co.uk/shop/gb/groceries/fruit-flavoured/vimto-sparkling-fruit-flavour-drink-2l">
                                        Vimto Sparkling Fruit Flavour Drink 2L
                                        <img src="http://c2.sainsburys.co.uk/wcsstore7.20.1.145/ExtendedSitesCatalogAssetStore/images/catalog/productImages/16/5010438011016/5010438011016_L.jpeg" alt=""></a>
                                </h3>
                              
                    </div> 
                </div>
                
                <div class="errorBanner hidden" id="error80923"></div>
                <div class="addToTrolleytabBox">   
                    <!--addToTrolleytabBox GRID VIEW --><!-- Start UserSubscribedOrNot.jspf --><!-- Start UserSubscribedOrNot.jsp --><!-- 
			If the user is not logged in, render this opening 
			DIV adding an addtional class to fix the border top which is removed 
			and replaced by the tabs
		-->
		<div class="addToTrolleytabContainer addItemBorderTop">
	<!-- End AddToSubscriptionList.jsp --><!-- End AddSubscriptionList.jspf --><!-- 
                    ATTENTION!!!
                    <div class="addToTrolleytabContainer">
                    This opening div is inside "../../ReusableObjects/UserSubscribedOrNot.jsp"
                    -->
                    <div class="pricingAndTrolleyOptions">
                    	
                                    <div class="priceTab priceTabContainer activeContainer addItem" id="addItem_80923">
                                       <div class="pricing">
                                           
	<p class="pricePerUnit">
    Â£1.30<abbr title="per">/</abbr><abbr title="unit"><span class="pricePerUnitUnit">unit</span></abbr>
</p>
 
    <p class="pricePerMeasure">Â£0.07<abbr title="per">/</abbr>100<abbr title="millilitre"><span class="pricePerMeasureMeasure">ml</span></abbr>
    </p>

                                       </div>                                      

                                     
                                        <div class="addToTrolleyForm "> 
                                           <!-- BEGIN AddToTrolley.jsp -->

		<form class="addToTrolleyForm" name="OrderItemAddForm_80923" action="OrderItemAdd" method="post" id="OrderItemAddForm_80923">
		    <input type="hidden" name="storeId" value="10151"><input type="hidden" name="langId" value="44"><input type="hidden" name="catalogId" value="10241"><input type="hidden" name="errorViewName" value="CategoryDisplayView"><input type="hidden" name="SKU_ID" value="2240886"><input type="hidden" name="itemType" value=""><label class="access" for="quantity_80922">Quantity</label>
		        
					<input name="quantity" id="quantity_80922" type="text" size="3" value="1" class="quantity"><input type="hidden" name="catEntryId" value="80923"><input type="hidden" name="productId" value="80922"><input type="hidden" name="URL" value="http://www.sainsburys.co.uk/webapp/wcs/stores/servlet/CategoryDisplay?msg=&amp;langId=44&amp;storeId=10151&amp;krypto=DCnawB4kF1P62vJKWOLl4bTQS8HvnyF3y8AtfXIJZn5ESwdXVzWXj9P3bxxViiVRGtM3Cs4oohJ1OwMiSdYs%2FHY2GfWoCOubKwB9oMlZWYtt2S95pi6owxfpfNkcRIBMQ8A0nci97P2SGzTzV6Fv7DT6ViLruLFXAHjC8cEa8C0%3D&amp;ddkey=http%3Agb%2Fgroceries%2Fdrinks%2Ffruit-flavoured"><input type="hidden" name="page" value=""><input type="hidden" name="contractId" value=""><input type="hidden" name="calculateOrder" value="1"><input type="hidden" name="calculationUsage" value="-1,-2,-3"><input type="hidden" name="updateable" value="1"><input type="hidden" name="merge" value="***"><input type="hidden" name="callAjax" value="false"><input class="button process" type="submit" name="Add" value="Add">
</form>
	<!-- END AddToTrolley.jsp -->
        <div class="numberInTrolley hidden numberInTrolley_80922" id="numberInTrolley_80922">
            
        </div>
    
                                        </div>

                                        <!-- BEGIN CatalogEntryRatingsReviewsInfo.jspf --><!-- productAllowedRatingsAndReviews: true -->
    <div class="reviews">
        
	        <a class="numberOfReviews repressive" href="http://reviews.sainsburys.co.uk//8076-en_gb/2240886-P/writereview.htm?submissionurl=http%3A%2F%2Fwww.sainsburys.co.uk%2Fwebapp%2Fwcs%2Fstores%2Fservlet%2FBVReviewSubmitDisplay%3FcatalogId%3D10120%26storeId%3D10151%26recipe%3D%26langId%3D44%26productId%3D2240886-P&amp;return=http%3A%2F%2Fwww.sainsburys.co.uk%2Fwebapp%2Fwcs%2Fstores%2Fservlet%2FCategoryDisplay%3FpageSize%3D100">
	    Write a review
          	</a>
        
    </div>
<!-- END CatalogEntryRatingsReviewsInfo.jspf -->
                                   </div>
                               <!-- Start AddToSubscriptionList.jspf --><!-- Start AddToSubscriptionList.jsp --><!-- End AddToSubscriptionList.jsp --><!-- End AddToSubscriptionList.jspf -->     
                    </div>
                            
                    
                </div>     
            </div>
            <!--ThumbnailRestriction --><!-- END CatalogEntryThumbnailDisplay.jsp -->
	                            </div>
</li>
	                         

	                            <li class="gridItem" style="min-height: 448px;">
	                                <!-- BEGIN CatalogEntryThumbnailDisplay.jsp --><!-- BEGIN MerchandisingAssociationsDisplay.jsp --><!-- Start - JSP File Name:  MerchandisingAssociationsDisplay.jsp --><!-- END MerchandisingAssociationsDisplay.jsp -->
            <div class="product  straplineRow">
                
                <div class="productInfo">
                    <div class="productNameAndPromotions">
                        
                                  <h3>
                                    <a href="http://www.sainsburys.co.uk/shop/gb/groceries/fruit-flavoured/sainsburys-pink-lemonade--zero-added-sugar-6x330ml">
                                        Sainsbury's Pink Lemonade, Zero Added Sugar 6x330ml
                                        <img src="http://c2.sainsburys.co.uk/wcsstore7.20.1.145/ExtendedSitesCatalogAssetStore/images/catalog/productImages/00/0000001828900/0000001828900_L.jpeg" alt=""></a>
                                </h3>
                              
                    </div> 
                </div>
                
                <div class="errorBanner hidden" id="error103513"></div>
                <div class="addToTrolleytabBox">   
                    <!--addToTrolleytabBox GRID VIEW --><!-- Start UserSubscribedOrNot.jspf --><!-- Start UserSubscribedOrNot.jsp --><!-- 
			If the user is not logged in, render this opening 
			DIV adding an addtional class to fix the border top which is removed 
			and replaced by the tabs
		-->
		<div class="addToTrolleytabContainer addItemBorderTop">
	<!-- End AddToSubscriptionList.jsp --><!-- End AddSubscriptionList.jspf --><!-- 
                    ATTENTION!!!
                    <div class="addToTrolleytabContainer">
                    This opening div is inside "../../ReusableObjects/UserSubscribedOrNot.jsp"
                    -->
                    <div class="pricingAndTrolleyOptions">
                    	
                                    <div class="priceTab priceTabContainer activeContainer addItem" id="addItem_103513">
                                       <div class="pricing">
                                           
	<p class="pricePerUnit">
    Â£1.60<abbr title="per">/</abbr><abbr title="unit"><span class="pricePerUnitUnit">unit</span></abbr>
</p>
 
    <p class="pricePerMeasure">Â£0.08<abbr title="per">/</abbr>100<abbr title="millilitre"><span class="pricePerMeasureMeasure">ml</span></abbr>
    </p>

                                       </div>                                      

                                     
                                        <div class="addToTrolleyForm "> 
                                           <!-- BEGIN AddToTrolley.jsp -->

		<form class="addToTrolleyForm" name="OrderItemAddForm_103513" action="OrderItemAdd" method="post" id="OrderItemAddForm_103513">
		    <input type="hidden" name="storeId" value="10151"><input type="hidden" name="langId" value="44"><input type="hidden" name="catalogId" value="10241"><input type="hidden" name="errorViewName" value="CategoryDisplayView"><input type="hidden" name="SKU_ID" value="7547060"><input type="hidden" name="itemType" value=""><label class="access" for="quantity_103512">Quantity</label>
		        
					<input name="quantity" id="quantity_103512" type="text" size="3" value="1" class="quantity"><input type="hidden" name="catEntryId" value="103513"><input type="hidden" name="productId" value="103512"><input type="hidden" name="URL" value="http://www.sainsburys.co.uk/webapp/wcs/stores/servlet/CategoryDisplay?msg=&amp;langId=44&amp;storeId=10151&amp;krypto=DCnawB4kF1P62vJKWOLl4bTQS8HvnyF3y8AtfXIJZn5ESwdXVzWXj9P3bxxViiVRGtM3Cs4oohJ1OwMiSdYs%2FHY2GfWoCOubKwB9oMlZWYtt2S95pi6owxfpfNkcRIBMQ8A0nci97P2SGzTzV6Fv7DT6ViLruLFXAHjC8cEa8C0%3D&amp;ddkey=http%3Agb%2Fgroceries%2Fdrinks%2Ffruit-flavoured"><input type="hidden" name="page" value=""><input type="hidden" name="contractId" value=""><input type="hidden" name="calculateOrder" value="1"><input type="hidden" name="calculationUsage" value="-1,-2,-3"><input type="hidden" name="updateable" value="1"><input type="hidden" name="merge" value="***"><input type="hidden" name="callAjax" value="false"><input class="button process" type="submit" name="Add" value="Add">
</form>
	<!-- END AddToTrolley.jsp -->
        <div class="numberInTrolley hidden numberInTrolley_103512" id="numberInTrolley_103512">
            
        </div>
    
                                        </div>

                                        <!-- BEGIN CatalogEntryRatingsReviewsInfo.jspf --><!-- productAllowedRatingsAndReviews: true -->
    <div class="reviews">
        
	        <a class="numberOfReviews repressive" href="http://reviews.sainsburys.co.uk//8076-en_gb/7547060-P/writereview.htm?submissionurl=http%3A%2F%2Fwww.sainsburys.co.uk%2Fwebapp%2Fwcs%2Fstores%2Fservlet%2FBVReviewSubmitDisplay%3FcatalogId%3D10143%26storeId%3D10151%26recipe%3D%26langId%3D44%26productId%3D7547060-P&amp;return=http%3A%2F%2Fwww.sainsburys.co.uk%2Fwebapp%2Fwcs%2Fstores%2Fservlet%2FCategoryDisplay%3FpageSize%3D100">
	    Write a review
          	</a>
        
    </div>
<!-- END CatalogEntryRatingsReviewsInfo.jspf -->
                                   </div>
                               <!-- Start AddToSubscriptionList.jspf --><!-- Start AddToSubscriptionList.jsp --><!-- End AddToSubscriptionList.jsp --><!-- End AddToSubscriptionList.jspf -->     
                    </div>
                            
                    
                </div>     
            </div>
            <!--ThumbnailRestriction --><!-- END CatalogEntryThumbnailDisplay.jsp -->
	                            </div>
</li>
	                         

	                            <li class="gridItem" style="min-height: 448px;">
	                                <!-- BEGIN CatalogEntryThumbnailDisplay.jsp --><!-- BEGIN MerchandisingAssociationsDisplay.jsp --><!-- Start - JSP File Name:  MerchandisingAssociationsDisplay.jsp --><!-- END MerchandisingAssociationsDisplay.jsp -->
            <div class="product  straplineRow">
                
                <div class="productInfo">
                    <div class="productNameAndPromotions">
                        
                                  <h3>
                                    <a href="http://www.sainsburys.co.uk/shop/gb/groceries/fruit-flavoured/lilt-pineapple---grapefruit-6x330ml">
                                        Lilt Pineapple &amp; Grapefruit 6x330ml
                                        <img src="http://c2.sainsburys.co.uk/wcsstore7.20.1.145/ExtendedSitesCatalogAssetStore/images/catalog/productImages/64/5449000040664/5449000040664_L.jpeg" alt=""></a>
                                </h3>
                              
                    </div> 
                </div>
                
                <div class="errorBanner hidden" id="error81069"></div>
                <div class="addToTrolleytabBox">   
                    <!--addToTrolleytabBox GRID VIEW --><!-- Start UserSubscribedOrNot.jspf --><!-- Start UserSubscribedOrNot.jsp --><!-- 
			If the user is not logged in, render this opening 
			DIV adding an addtional class to fix the border top which is removed 
			and replaced by the tabs
		-->
		<div class="addToTrolleytabContainer addItemBorderTop">
	<!-- End AddToSubscriptionList.jsp --><!-- End AddSubscriptionList.jspf --><!-- 
                    ATTENTION!!!
                    <div class="addToTrolleytabContainer">
                    This opening div is inside "../../ReusableObjects/UserSubscribedOrNot.jsp"
                    -->
                    <div class="pricingAndTrolleyOptions">
                    	
                                    <div class="priceTab priceTabContainer activeContainer addItem" id="addItem_81069">
                                       <div class="pricing">
                                           
	<p class="pricePerUnit">
    Â£3.50<abbr title="per">/</abbr><abbr title="unit"><span class="pricePerUnitUnit">unit</span></abbr>
</p>
 
    <p class="pricePerMeasure">Â£0.18<abbr title="per">/</abbr>100<abbr title="millilitre"><span class="pricePerMeasureMeasure">ml</span></abbr>
    </p>

                                       </div>                                      

                                     
                                        <div class="addToTrolleyForm "> 
                                           <!-- BEGIN AddToTrolley.jsp -->

		<form class="addToTrolleyForm" name="OrderItemAddForm_81069" action="OrderItemAdd" method="post" id="OrderItemAddForm_81069">
		    <input type="hidden" name="storeId" value="10151"><input type="hidden" name="langId" value="44"><input type="hidden" name="catalogId" value="10241"><input type="hidden" name="errorViewName" value="CategoryDisplayView"><input type="hidden" name="SKU_ID" value="2332031"><input type="hidden" name="itemType" value=""><label class="access" for="quantity_81068">Quantity</label>
		        
					<input name="quantity" id="quantity_81068" type="text" size="3" value="1" class="quantity"><input type="hidden" name="catEntryId" value="81069"><input type="hidden" name="productId" value="81068"><input type="hidden" name="URL" value="http://www.sainsburys.co.uk/webapp/wcs/stores/servlet/CategoryDisplay?msg=&amp;langId=44&amp;storeId=10151&amp;krypto=DCnawB4kF1P62vJKWOLl4bTQS8HvnyF3y8AtfXIJZn5ESwdXVzWXj9P3bxxViiVRGtM3Cs4oohJ1OwMiSdYs%2FHY2GfWoCOubKwB9oMlZWYtt2S95pi6owxfpfNkcRIBMQ8A0nci97P2SGzTzV6Fv7DT6ViLruLFXAHjC8cEa8C0%3D&amp;ddkey=http%3Agb%2Fgroceries%2Fdrinks%2Ffruit-flavoured"><input type="hidden" name="page" value=""><input type="hidden" name="contractId" value=""><input type="hidden" name="calculateOrder" value="1"><input type="hidden" name="calculationUsage" value="-1,-2,-3"><input type="hidden" name="updateable" value="1"><input type="hidden" name="merge" value="***"><input type="hidden" name="callAjax" value="false"><input class="button process" type="submit" name="Add" value="Add">
</form>
	<!-- END AddToTrolley.jsp -->
        <div class="numberInTrolley hidden numberInTrolley_81068" id="numberInTrolley_81068">
            
        </div>
    
                                        </div>

                                        <!-- BEGIN CatalogEntryRatingsReviewsInfo.jspf --><!-- productAllowedRatingsAndReviews: true -->
    <div class="reviews">
        
            <a class="numberOfReviews" href="http://www.sainsburys.co.uk/shop/gb/groceries/fruit-flavoured/lilt-pineapple---grapefruit-6x330ml#reviews">
                <img src="http://c2.sainsburys.co.uk/wcsstore7.20.1.145/SainsburysStorefrontAssetStore/img/stars/rating-3_0.gif" alt="3.0" border="0">Â  
                Reviews (1)
            </a>
        
    </div>
<!-- END CatalogEntryRatingsReviewsInfo.jspf -->
                                   </div>
                               <!-- Start AddToSubscriptionList.jspf --><!-- Start AddToSubscriptionList.jsp --><!-- End AddToSubscriptionList.jsp --><!-- End AddToSubscriptionList.jspf -->     
                    </div>
                            
                    
                </div>     
            </div>
            <!--ThumbnailRestriction --><!-- END CatalogEntryThumbnailDisplay.jsp -->
	                            </div>
</li>
	                         

	                            <li class="gridItem" style="min-height: 448px;">
	                                <!-- BEGIN CatalogEntryThumbnailDisplay.jsp --><!-- BEGIN MerchandisingAssociationsDisplay.jsp --><!-- Start - JSP File Name:  MerchandisingAssociationsDisplay.jsp --><!-- END MerchandisingAssociationsDisplay.jsp -->
            <div class="product  highlighted specialOffer straplineRow">
                
                <div class="productInfo">
                    <div class="productNameAndPromotions">
                        
                                  <h3>
                                    <a href="http://www.sainsburys.co.uk/shop/gb/groceries/fruit-flavoured/tango-apple-6x330ml">
                                        Tango Apple 6x330ml
                                        <img src="http://c2.sainsburys.co.uk/wcsstore7.20.1.145/ExtendedSitesCatalogAssetStore/images/catalog/productImages/09/5010102004009/5010102004009_L.jpeg" alt=""></a>
                                </h3>
                              
    <div class="promotion">
                   
		            <p><a href="http://www.sainsburys.co.uk/shop/PromotionDisplayView?catalogId=10241&amp;langId=44&amp;productId=99804&amp;storeId=10151&amp;promotionId=10232931"><!-- BEGIN include/PromotionStrapline.jspf -->Only Â£2.50: Save 50p<br><!-- FINISH include/PromotionStrapline.jspf --></a></p>
		                        
    </div>

                    </div> 
                </div>
                
        <div class="strapline"><a href="http://www.sainsburys.co.uk/shop/PromotionDisplayView?catalogId=10241&amp;langId=44&amp;productId=99804&amp;storeId=10151&amp;promotionId=10232931"><img src="/wcsstore7.20.1.145/SainsburysStorefrontAssetStore/wcassets/icons/special/img-special-offer.png" alt="Special Offer"></a></div>
    
                <div class="errorBanner hidden" id="error99805"></div>
                <div class="addToTrolleytabBox">   
                    <!--addToTrolleytabBox GRID VIEW --><!-- Start UserSubscribedOrNot.jspf --><!-- Start UserSubscribedOrNot.jsp --><!-- 
			If the user is not logged in, render this opening 
			DIV adding an addtional class to fix the border top which is removed 
			and replaced by the tabs
		-->
		<div class="addToTrolleytabContainer addItemBorderTop">
	<!-- End AddToSubscriptionList.jsp --><!-- End AddSubscriptionList.jspf --><!-- 
                    ATTENTION!!!
                    <div class="addToTrolleytabContainer">
                    This opening div is inside "../../ReusableObjects/UserSubscribedOrNot.jsp"
                    -->
                    <div class="pricingAndTrolleyOptions">
                    	
                                    <div class="priceTab priceTabContainer activeContainer addItem" id="addItem_99805">
                                       <div class="pricing">
                                           
	<p class="pricePerUnit">
    Â£2.50<abbr title="per">/</abbr><abbr title="unit"><span class="pricePerUnitUnit">unit</span></abbr>
</p>
 
    <p class="pricePerMeasure">Â£0.12<abbr title="per">/</abbr>100<abbr title="millilitre"><span class="pricePerMeasureMeasure">ml</span></abbr>
    </p>

                                       </div>                                      

                                     
                                        <div class="addToTrolleyForm "> 
                                           <!-- BEGIN AddToTrolley.jsp -->

		<form class="addToTrolleyForm" name="OrderItemAddForm_99805" action="OrderItemAdd" method="post" id="OrderItemAddForm_99805">
		    <input type="hidden" name="storeId" value="10151"><input type="hidden" name="langId" value="44"><input type="hidden" name="catalogId" value="10241"><input type="hidden" name="errorViewName" value="CategoryDisplayView"><input type="hidden" name="SKU_ID" value="7465327"><input type="hidden" name="itemType" value=""><label class="access" for="quantity_99804">Quantity</label>
		        
					<input name="quantity" id="quantity_99804" type="text" size="3" value="1" class="quantity"><input type="hidden" name="catEntryId" value="99805"><input type="hidden" name="productId" value="99804"><input type="hidden" name="URL" value="http://www.sainsburys.co.uk/webapp/wcs/stores/servlet/CategoryDisplay?msg=&amp;langId=44&amp;storeId=10151&amp;krypto=DCnawB4kF1P62vJKWOLl4bTQS8HvnyF3y8AtfXIJZn5ESwdXVzWXj9P3bxxViiVRGtM3Cs4oohJ1OwMiSdYs%2FHY2GfWoCOubKwB9oMlZWYtt2S95pi6owxfpfNkcRIBMQ8A0nci97P2SGzTzV6Fv7DT6ViLruLFXAHjC8cEa8C0%3D&amp;ddkey=http%3Agb%2Fgroceries%2Fdrinks%2Ffruit-flavoured"><input type="hidden" name="page" value=""><input type="hidden" name="contractId" value=""><input type="hidden" name="calculateOrder" value="1"><input type="hidden" name="calculationUsage" value="-1,-2,-3"><input type="hidden" name="updateable" value="1"><input type="hidden" name="merge" value="***"><input type="hidden" name="callAjax" value="false"><input class="button process" type="submit" name="Add" value="Add">
</form>
	<!-- END AddToTrolley.jsp -->
        <div class="numberInTrolley hidden numberInTrolley_99804" id="numberInTrolley_99804">
            
        </div>
    
                                        </div>

                                        <!-- BEGIN CatalogEntryRatingsReviewsInfo.jspf --><!-- productAllowedRatingsAndReviews: true -->
    <div class="reviews">
        
	        <a class="numberOfReviews repressive" href="http://reviews.sainsburys.co.uk//8076-en_gb/7465327-P/writereview.htm?submissionurl=http%3A%2F%2Fwww.sainsburys.co.uk%2Fwebapp%2Fwcs%2Fstores%2Fservlet%2FBVReviewSubmitDisplay%3FcatalogId%3D10241%26storeId%3D10151%26recipe%3D%26langId%3D44%26productId%3D7465327-P&amp;return=http%3A%2F%2Fwww.sainsburys.co.uk%2Fwebapp%2Fwcs%2Fstores%2Fservlet%2FAjaxApplyFilterBrowseView%3FlangId%3D44%26storeId%3D10151%26catalogId%3D10241%26categoryId%3D12392%26parent_category_rn%3D12192%26top_category%3D12192%26pageSize%3D30%26orderBy%3DFAVOURITES_ONLY%257CTOP_SELLERS%26searchTerm%3D%26beginIndex%3D0%26facet%3D88%26requesttype%3Dajax">
	    Write a review
          	</a>
        
    </div>
<!-- END CatalogEntryRatingsReviewsInfo.jspf -->
                                   </div>
                               <!-- Start AddToSubscriptionList.jspf --><!-- Start AddToSubscriptionList.jsp --><!-- End AddToSubscriptionList.jsp --><!-- End AddToSubscriptionList.jspf -->     
                    </div>
                            
                    
                </div>     
            </div>
            <!--ThumbnailRestriction --><!-- END CatalogEntryThumbnailDisplay.jsp -->
	                            </div>
</li>
	                         

	                            <li class="gridItem" style="min-height: 475px;">
	                                <!-- BEGIN CatalogEntryThumbnailDisplay.jsp --><!-- BEGIN MerchandisingAssociationsDisplay.jsp --><!-- Start - JSP File Name:  MerchandisingAssociationsDisplay.jsp --><!-- END MerchandisingAssociationsDisplay.jsp -->
            <div class="product ">
                
                <div class="productInfo">
                    <div class="productNameAndPromotions">
                        
                                  <h3>
                                    <a href="http://www.sainsburys.co.uk/shop/gb/groceries/fruit-flavoured/ting-grapefruit-crush-330ml">
                                        Ting Grapefruit Crush 330ml
                                        <img src="http://c2.sainsburys.co.uk/wcsstore7.20.1.145/ExtendedSitesCatalogAssetStore/images/catalog/productImages/63/5029578000163/5029578000163_L.jpeg" alt=""></a>
                                </h3>
                              
                    </div> 
                </div>
                
                <div class="errorBanner hidden" id="error40479"></div>
                <div class="addToTrolleytabBox">   
                    <!--addToTrolleytabBox GRID VIEW --><!-- Start UserSubscribedOrNot.jspf --><!-- Start UserSubscribedOrNot.jsp --><!-- 
			If the user is not logged in, render this opening 
			DIV adding an addtional class to fix the border top which is removed 
			and replaced by the tabs
		-->
		<div class="addToTrolleytabContainer addItemBorderTop">
	<!-- End AddToSubscriptionList.jsp --><!-- End AddSubscriptionList.jspf --><!-- 
                    ATTENTION!!!
                    <div class="addToTrolleytabContainer">
                    This opening div is inside "../../ReusableObjects/UserSubscribedOrNot.jsp"
                    -->
                    <div class="pricingAndTrolleyOptions">
                    	
                                    <div class="priceTab priceTabContainer activeContainer addItem" id="addItem_40479">
                                       <div class="pricing">
                                           
	<p class="pricePerUnit">
    Â£0.45<abbr title="per">/</abbr><abbr title="unit"><span class="pricePerUnitUnit">unit</span></abbr>
</p>
 
    <p class="pricePerMeasure">Â£0.14<abbr title="per">/</abbr>100<abbr title="millilitre"><span class="pricePerMeasureMeasure">ml</span></abbr>
    </p>

                                       </div>                                      

                                     
                                        <div class="addToTrolleyForm "> 
                                           <!-- BEGIN AddToTrolley.jsp -->

		<form class="addToTrolleyForm" name="OrderItemAddForm_40479" action="OrderItemAdd" method="post" id="OrderItemAddForm_40479">
		    <input type="hidden" name="storeId" value="10151"><input type="hidden" name="langId" value="44"><input type="hidden" name="catalogId" value="10241"><input type="hidden" name="errorViewName" value="CategoryDisplayView"><input type="hidden" name="SKU_ID" value="4091837"><input type="hidden" name="itemType" value=""><label class="access" for="quantity_40478">Quantity</label>
		        
					<input name="quantity" id="quantity_40478" type="text" size="3" value="1" class="quantity"><input type="hidden" name="catEntryId" value="40479"><input type="hidden" name="productId" value="40478"><input type="hidden" name="URL" value="http://www.sainsburys.co.uk/webapp/wcs/stores/servlet/CategoryDisplay?msg=&amp;langId=44&amp;storeId=10151&amp;krypto=DCnawB4kF1P62vJKWOLl4bTQS8HvnyF3y8AtfXIJZn5ESwdXVzWXj9P3bxxViiVRGtM3Cs4oohJ1OwMiSdYs%2FHY2GfWoCOubKwB9oMlZWYtt2S95pi6owxfpfNkcRIBMQ8A0nci97P2SGzTzV6Fv7DT6ViLruLFXAHjC8cEa8C0%3D&amp;ddkey=http%3Agb%2Fgroceries%2Fdrinks%2Ffruit-flavoured"><input type="hidden" name="page" value=""><input type="hidden" name="contractId" value=""><input type="hidden" name="calculateOrder" value="1"><input type="hidden" name="calculationUsage" value="-1,-2,-3"><input type="hidden" name="updateable" value="1"><input type="hidden" name="merge" value="***"><input type="hidden" name="callAjax" value="false"><input class="button process" type="submit" name="Add" value="Add">
</form>
	<!-- END AddToTrolley.jsp -->
        <div class="numberInTrolley hidden numberInTrolley_40478" id="numberInTrolley_40478">
            
        </div>
    
                                        </div>

                                        <!-- BEGIN CatalogEntryRatingsReviewsInfo.jspf --><!-- productAllowedRatingsAndReviews: true -->
    <div class="reviews">
        
            <a class="numberOfReviews" href="http://www.sainsburys.co.uk/shop/gb/groceries/fruit-flavoured/ting-grapefruit-crush-330ml#reviews">
                <img src="http://c2.sainsburys.co.uk/wcsstore7.20.1.145/SainsburysStorefrontAssetStore/img/stars/rating-5_0.gif" alt="5.0" border="0">Â  
                Reviews (2)
            </a>
        
    </div>
<!-- END CatalogEntryRatingsReviewsInfo.jspf -->
                                   </div>
                               <!-- Start AddToSubscriptionList.jspf --><!-- Start AddToSubscriptionList.jsp --><!-- End AddToSubscriptionList.jsp --><!-- End AddToSubscriptionList.jspf -->     
                    </div>
                            
                    
                </div>     
            </div>
            <!--ThumbnailRestriction --><!-- END CatalogEntryThumbnailDisplay.jsp -->
	                            </div>
</li>
	                         

	                            <li class="gridItem" style="min-height: 475px;">
	                                <!-- BEGIN CatalogEntryThumbnailDisplay.jsp --><!-- BEGIN MerchandisingAssociationsDisplay.jsp --><!-- Start - JSP File Name:  MerchandisingAssociationsDisplay.jsp --><!-- END MerchandisingAssociationsDisplay.jsp -->
            <div class="product ">
                
                <div class="productInfo">
                    <div class="productNameAndPromotions">
                        
                                  <h3>
                                    <a href="http://www.sainsburys.co.uk/shop/gb/groceries/fruit-flavoured/tango-cherry-2l">
                                        Tango Cherry 2L
                                        <img src="http://c2.sainsburys.co.uk/wcsstore7.20.1.145/ExtendedSitesCatalogAssetStore/images/catalog/productImages/54/5010102104754/5010102104754_L.jpeg" alt=""></a>
                                </h3>
                              
                    </div> 
                </div>
                
                <div class="errorBanner hidden" id="error97557"></div>
                <div class="addToTrolleytabBox">   
                    <!--addToTrolleytabBox GRID VIEW --><!-- Start UserSubscribedOrNot.jspf --><!-- Start UserSubscribedOrNot.jsp --><!-- 
			If the user is not logged in, render this opening 
			DIV adding an addtional class to fix the border top which is removed 
			and replaced by the tabs
		-->
		<div class="addToTrolleytabContainer addItemBorderTop">
	<!-- End AddToSubscriptionList.jsp --><!-- End AddSubscriptionList.jspf --><!-- 
                    ATTENTION!!!
                    <div class="addToTrolleytabContainer">
                    This opening div is inside "../../ReusableObjects/UserSubscribedOrNot.jsp"
                    -->
                    <div class="pricingAndTrolleyOptions">
                    	
                                    <div class="priceTab priceTabContainer activeContainer addItem" id="addItem_97557">
                                       <div class="pricing">
                                           
	<p class="pricePerUnit">
    Â£1.30<abbr title="per">/</abbr><abbr title="unit"><span class="pricePerUnitUnit">unit</span></abbr>
</p>
 
    <p class="pricePerMeasure">Â£0.07<abbr title="per">/</abbr>100<abbr title="millilitre"><span class="pricePerMeasureMeasure">ml</span></abbr>
    </p>

                                       </div>                                      

                                     
                                        <div class="addToTrolleyForm "> 
                                           <!-- BEGIN AddToTrolley.jsp -->

		<form class="addToTrolleyForm" name="OrderItemAddForm_97557" action="OrderItemAdd" method="post" id="OrderItemAddForm_97557">
		    <input type="hidden" name="storeId" value="10151"><input type="hidden" name="langId" value="44"><input type="hidden" name="catalogId" value="10241"><input type="hidden" name="errorViewName" value="CategoryDisplayView"><input type="hidden" name="SKU_ID" value="7312182"><input type="hidden" name="itemType" value=""><label class="access" for="quantity_97556">Quantity</label>
		        
					<input name="quantity" id="quantity_97556" type="text" size="3" value="1" class="quantity"><input type="hidden" name="catEntryId" value="97557"><input type="hidden" name="productId" value="97556"><input type="hidden" name="URL" value="http://www.sainsburys.co.uk/webapp/wcs/stores/servlet/CategoryDisplay?msg=&amp;langId=44&amp;storeId=10151&amp;krypto=DCnawB4kF1P62vJKWOLl4bTQS8HvnyF3y8AtfXIJZn5ESwdXVzWXj9P3bxxViiVRGtM3Cs4oohJ1OwMiSdYs%2FHY2GfWoCOubKwB9oMlZWYtt2S95pi6owxfpfNkcRIBMQ8A0nci97P2SGzTzV6Fv7DT6ViLruLFXAHjC8cEa8C0%3D&amp;ddkey=http%3Agb%2Fgroceries%2Fdrinks%2Ffruit-flavoured"><input type="hidden" name="page" value=""><input type="hidden" name="contractId" value=""><input type="hidden" name="calculateOrder" value="1"><input type="hidden" name="calculationUsage" value="-1,-2,-3"><input type="hidden" name="updateable" value="1"><input type="hidden" name="merge" value="***"><input type="hidden" name="callAjax" value="false"><input class="button process" type="submit" name="Add" value="Add">
</form>
	<!-- END AddToTrolley.jsp -->
        <div class="numberInTrolley hidden numberInTrolley_97556" id="numberInTrolley_97556">
            
        </div>
    
                                        </div>

                                        <!-- BEGIN CatalogEntryRatingsReviewsInfo.jspf --><!-- productAllowedRatingsAndReviews: true -->
    <div class="reviews">
        
	        <a class="numberOfReviews repressive" href="http://reviews.sainsburys.co.uk//8076-en_gb/7312182-P/writereview.htm?submissionurl=http%3A%2F%2Fwww.sainsburys.co.uk%2Fwebapp%2Fwcs%2Fstores%2Fservlet%2FBVReviewSubmitDisplay%3FcatalogId%3D10120%26storeId%3D10151%26recipe%3D%26langId%3D44%26productId%3D7312182-P&amp;return=http%3A%2F%2Fwww.sainsburys.co.uk%2Fwebapp%2Fwcs%2Fstores%2Fservlet%2FCategoryDisplay%3FpageSize%3D100">
	    Write a review
          	</a>
        
    </div>
<!-- END CatalogEntryRatingsReviewsInfo.jspf -->
                                   </div>
                               <!-- Start AddToSubscriptionList.jspf --><!-- Start AddToSubscriptionList.jsp --><!-- End AddToSubscriptionList.jsp --><!-- End AddToSubscriptionList.jspf -->     
                    </div>
                            
                    
                </div>     
            </div>
            <!--ThumbnailRestriction --><!-- END CatalogEntryThumbnailDisplay.jsp -->
	                            </div>
</li>
	                         

	                            <li class="gridItem" style="min-height: 475px;">
	                                <!-- BEGIN CatalogEntryThumbnailDisplay.jsp --><!-- BEGIN MerchandisingAssociationsDisplay.jsp --><!-- Start - JSP File Name:  MerchandisingAssociationsDisplay.jsp --><!-- END MerchandisingAssociationsDisplay.jsp -->
            <div class="product ">
                
                <div class="productInfo">
                    <div class="productNameAndPromotions">
                        
                                  <h3>
                                    <a href="http://www.sainsburys.co.uk/shop/gb/groceries/fruit-flavoured/sainsburys-diet-lemon---lime-6x330ml">
                                        Sainsbury's Diet Lemon &amp; Lime 6x330ml
                                        <img src="http://c2.sainsburys.co.uk/wcsstore7.20.1.145/ExtendedSitesCatalogAssetStore/images/catalog/productImages/57/0000001504057/0000001504057_L.jpeg" alt=""></a>
                                </h3>
                              
                    </div> 
                </div>
                
                <div class="errorBanner hidden" id="error91693"></div>
                <div class="addToTrolleytabBox">   
                    <!--addToTrolleytabBox GRID VIEW --><!-- Start UserSubscribedOrNot.jspf --><!-- Start UserSubscribedOrNot.jsp --><!-- 
			If the user is not logged in, render this opening 
			DIV adding an addtional class to fix the border top which is removed 
			and replaced by the tabs
		-->
		<div class="addToTrolleytabContainer addItemBorderTop">
	<!-- End AddToSubscriptionList.jsp --><!-- End AddSubscriptionList.jspf --><!-- 
                    ATTENTION!!!
                    <div class="addToTrolleytabContainer">
                    This opening div is inside "../../ReusableObjects/UserSubscribedOrNot.jsp"
                    -->
                    <div class="pricingAndTrolleyOptions">
                    	
                                    <div class="priceTab priceTabContainer activeContainer addItem" id="addItem_91693">
                                       <div class="pricing">
                                           
	<p class="pricePerUnit">
    Â£1.60<abbr title="per">/</abbr><abbr title="unit"><span class="pricePerUnitUnit">unit</span></abbr>
</p>
 
    <p class="pricePerMeasure">Â£0.08<abbr title="per">/</abbr>100<abbr title="millilitre"><span class="pricePerMeasureMeasure">ml</span></abbr>
    </p>

                                       </div>                                      

                                     
                                        <div class="addToTrolleyForm "> 
                                           <!-- BEGIN AddToTrolley.jsp -->

		<form class="addToTrolleyForm" name="OrderItemAddForm_91693" action="OrderItemAdd" method="post" id="OrderItemAddForm_91693">
		    <input type="hidden" name="storeId" value="10151"><input type="hidden" name="langId" value="44"><input type="hidden" name="catalogId" value="10241"><input type="hidden" name="errorViewName" value="CategoryDisplayView"><input type="hidden" name="SKU_ID" value="6594530"><input type="hidden" name="itemType" value=""><label class="access" for="quantity_91692">Quantity</label>
		        
					<input name="quantity" id="quantity_91692" type="text" size="3" value="1" class="quantity"><input type="hidden" name="catEntryId" value="91693"><input type="hidden" name="productId" value="91692"><input type="hidden" name="URL" value="http://www.sainsburys.co.uk/webapp/wcs/stores/servlet/CategoryDisplay?msg=&amp;langId=44&amp;storeId=10151&amp;krypto=DCnawB4kF1P62vJKWOLl4bTQS8HvnyF3y8AtfXIJZn5ESwdXVzWXj9P3bxxViiVRGtM3Cs4oohJ1OwMiSdYs%2FHY2GfWoCOubKwB9oMlZWYtt2S95pi6owxfpfNkcRIBMQ8A0nci97P2SGzTzV6Fv7DT6ViLruLFXAHjC8cEa8C0%3D&amp;ddkey=http%3Agb%2Fgroceries%2Fdrinks%2Ffruit-flavoured"><input type="hidden" name="page" value=""><input type="hidden" name="contractId" value=""><input type="hidden" name="calculateOrder" value="1"><input type="hidden" name="calculationUsage" value="-1,-2,-3"><input type="hidden" name="updateable" value="1"><input type="hidden" name="merge" value="***"><input type="hidden" name="callAjax" value="false"><input class="button process" type="submit" name="Add" value="Add">
</form>
	<!-- END AddToTrolley.jsp -->
        <div class="numberInTrolley hidden numberInTrolley_91692" id="numberInTrolley_91692">
            
        </div>
    
                                        </div>

                                        <!-- BEGIN CatalogEntryRatingsReviewsInfo.jspf --><!-- productAllowedRatingsAndReviews: true -->
    <div class="reviews">
        
	        <a class="numberOfReviews repressive" href="http://reviews.sainsburys.co.uk//8076-en_gb/6594530-P/writereview.htm?submissionurl=http%3A%2F%2Fwww.sainsburys.co.uk%2Fwebapp%2Fwcs%2Fstores%2Fservlet%2FBVReviewSubmitDisplay%3FcatalogId%3D10143%26storeId%3D10151%26recipe%3D%26langId%3D44%26productId%3D6594530-P&amp;return=http%3A%2F%2Fwww.sainsburys.co.uk%2Fwebapp%2Fwcs%2Fstores%2Fservlet%2FCategoryDisplay%3FpageSize%3D100">
	    Write a review
          	</a>
        
    </div>
<!-- END CatalogEntryRatingsReviewsInfo.jspf -->
                                   </div>
                               <!-- Start AddToSubscriptionList.jspf --><!-- Start AddToSubscriptionList.jsp --><!-- End AddToSubscriptionList.jsp --><!-- End AddToSubscriptionList.jspf -->     
                    </div>
                            
                    
    
    <div class="badges">
        <ul>
<li>

                        
                        
                        <img src="/wcsstore7.20.1.145/SainsburysStorefrontAssetStore/wcassets/icons/ico_spacer.gif" alt="Vegan">
</li>
                
                    
                    
                    
                     <li class="lastchild">

                        
                        
                        <img src="/wcsstore7.20.1.145/SainsburysStorefrontAssetStore/wcassets/icons/ico_spacer.gif" alt="Vegetarian">
</li>
                
        </ul>
</div>

                </div>     
            </div>
            <!--ThumbnailRestriction --><!-- END CatalogEntryThumbnailDisplay.jsp -->
	                            </div>
</li>
	                         

	                            <li class="gridItem" style="min-height: 406px;">
	                                <!-- BEGIN CatalogEntryThumbnailDisplay.jsp --><!-- BEGIN MerchandisingAssociationsDisplay.jsp --><!-- Start - JSP File Name:  MerchandisingAssociationsDisplay.jsp --><!-- END MerchandisingAssociationsDisplay.jsp -->
            <div class="product ">
                
                <div class="productInfo">
                    <div class="productNameAndPromotions">
                        
                                  <h3>
                                    <a href="http://www.sainsburys.co.uk/shop/gb/groceries/fruit-flavoured/tango-apple-drink-2l">
                                        Tango Apple Drink 2L
                                        <img src="http://c2.sainsburys.co.uk/wcsstore7.20.1.145/ExtendedSitesCatalogAssetStore/images/catalog/productImages/23/5010102004023/5010102004023_L.jpeg" alt=""></a>
                                </h3>
                              
                    </div> 
                </div>
                
                <div class="errorBanner hidden" id="error81273"></div>
                <div class="addToTrolleytabBox">   
                    <!--addToTrolleytabBox GRID VIEW --><!-- Start UserSubscribedOrNot.jspf --><!-- Start UserSubscribedOrNot.jsp --><!-- 
			If the user is not logged in, render this opening 
			DIV adding an addtional class to fix the border top which is removed 
			and replaced by the tabs
		-->
		<div class="addToTrolleytabContainer addItemBorderTop">
	<!-- End AddToSubscriptionList.jsp --><!-- End AddSubscriptionList.jspf --><!-- 
                    ATTENTION!!!
                    <div class="addToTrolleytabContainer">
                    This opening div is inside "../../ReusableObjects/UserSubscribedOrNot.jsp"
                    -->
                    <div class="pricingAndTrolleyOptions">
                    	
                                    <div class="priceTab priceTabContainer activeContainer addItem" id="addItem_81273">
                                       <div class="pricing">
                                           
	<p class="pricePerUnit">
    Â£1.30<abbr title="per">/</abbr><abbr title="unit"><span class="pricePerUnitUnit">unit</span></abbr>
</p>
 
    <p class="pricePerMeasure">Â£0.07<abbr title="per">/</abbr>100<abbr title="millilitre"><span class="pricePerMeasureMeasure">ml</span></abbr>
    </p>

                                       </div>                                      

                                     
                                        <div class="addToTrolleyForm "> 
                                           <!-- BEGIN AddToTrolley.jsp -->

		<form class="addToTrolleyForm" name="OrderItemAddForm_81273" action="OrderItemAdd" method="post" id="OrderItemAddForm_81273">
		    <input type="hidden" name="storeId" value="10151"><input type="hidden" name="langId" value="44"><input type="hidden" name="catalogId" value="10241"><input type="hidden" name="errorViewName" value="CategoryDisplayView"><input type="hidden" name="SKU_ID" value="2437248"><input type="hidden" name="itemType" value=""><label class="access" for="quantity_81272">Quantity</label>
		        
					<input name="quantity" id="quantity_81272" type="text" size="3" value="1" class="quantity"><input type="hidden" name="catEntryId" value="81273"><input type="hidden" name="productId" value="81272"><input type="hidden" name="URL" value="http://www.sainsburys.co.uk/webapp/wcs/stores/servlet/CategoryDisplay?msg=&amp;langId=44&amp;storeId=10151&amp;krypto=DCnawB4kF1P62vJKWOLl4bTQS8HvnyF3y8AtfXIJZn5ESwdXVzWXj9P3bxxViiVRGtM3Cs4oohJ1OwMiSdYs%2FHY2GfWoCOubKwB9oMlZWYtt2S95pi6owxfpfNkcRIBMQ8A0nci97P2SGzTzV6Fv7DT6ViLruLFXAHjC8cEa8C0%3D&amp;ddkey=http%3Agb%2Fgroceries%2Fdrinks%2Ffruit-flavoured"><input type="hidden" name="page" value=""><input type="hidden" name="contractId" value=""><input type="hidden" name="calculateOrder" value="1"><input type="hidden" name="calculationUsage" value="-1,-2,-3"><input type="hidden" name="updateable" value="1"><input type="hidden" name="merge" value="***"><input type="hidden" name="callAjax" value="false"><input class="button process" type="submit" name="Add" value="Add">
</form>
	<!-- END AddToTrolley.jsp -->
        <div class="numberInTrolley hidden numberInTrolley_81272" id="numberInTrolley_81272">
            
        </div>
    
                                        </div>

                                        <!-- BEGIN CatalogEntryRatingsReviewsInfo.jspf --><!-- productAllowedRatingsAndReviews: true -->
    <div class="reviews">
        
	        <a class="numberOfReviews repressive" href="http://reviews.sainsburys.co.uk//8076-en_gb/2437248-P/writereview.htm?submissionurl=http%3A%2F%2Fwww.sainsburys.co.uk%2Fwebapp%2Fwcs%2Fstores%2Fservlet%2FBVReviewSubmitDisplay%3FcatalogId%3D10143%26storeId%3D10151%26recipe%3D%26langId%3D44%26productId%3D2437248-P&amp;return=http%3A%2F%2Fwww.sainsburys.co.uk%2Fwebapp%2Fwcs%2Fstores%2Fservlet%2FCategoryDisplay%3FpageSize%3D100">
	    Write a review
          	</a>
        
    </div>
<!-- END CatalogEntryRatingsReviewsInfo.jspf -->
                                   </div>
                               <!-- Start AddToSubscriptionList.jspf --><!-- Start AddToSubscriptionList.jsp --><!-- End AddToSubscriptionList.jsp --><!-- End AddToSubscriptionList.jspf -->     
                    </div>
                            
                    
                </div>     
            </div>
            <!--ThumbnailRestriction --><!-- END CatalogEntryThumbnailDisplay.jsp -->
	                            </div>
</li>
	                         

	                            <li class="gridItem" style="min-height: 406px;">
	                                <!-- BEGIN CatalogEntryThumbnailDisplay.jsp --><!-- BEGIN MerchandisingAssociationsDisplay.jsp --><!-- Start - JSP File Name:  MerchandisingAssociationsDisplay.jsp --><!-- END MerchandisingAssociationsDisplay.jsp -->
            <div class="product ">
                
                <div class="productInfo">
                    <div class="productNameAndPromotions">
                        
                                  <h3>
                                    <a href="http://www.sainsburys.co.uk/shop/gb/groceries/fruit-flavoured/appletiser-6x330ml">
                                        Appletiser 6x330ml
                                        <img src="http://c2.sainsburys.co.uk/wcsstore7.20.1.145/ExtendedSitesCatalogAssetStore/images/catalog/productImages/31/6001048003231/6001048003231_L.jpeg" alt=""></a>
                                </h3>
                              
                    </div> 
                </div>
                
                <div class="errorBanner hidden" id="error712719"></div>
                <div class="addToTrolleytabBox">   
                    <!--addToTrolleytabBox GRID VIEW --><!-- Start UserSubscribedOrNot.jspf --><!-- Start UserSubscribedOrNot.jsp --><!-- 
			If the user is not logged in, render this opening 
			DIV adding an addtional class to fix the border top which is removed 
			and replaced by the tabs
		-->
		<div class="addToTrolleytabContainer addItemBorderTop">
	<!-- End AddToSubscriptionList.jsp --><!-- End AddSubscriptionList.jspf --><!-- 
                    ATTENTION!!!
                    <div class="addToTrolleytabContainer">
                    This opening div is inside "../../ReusableObjects/UserSubscribedOrNot.jsp"
                    -->
                    <div class="pricingAndTrolleyOptions">
                    	
                                    <div class="priceTab priceTabContainer activeContainer addItem" id="addItem_712719">
                                       <div class="pricing">
                                           
	<p class="pricePerUnit">
    Â£4.00<abbr title="per">/</abbr><abbr title="unit"><span class="pricePerUnitUnit">unit</span></abbr>
</p>
 
    <p class="pricePerMeasure">Â£0.20<abbr title="per">/</abbr>100<abbr title="millilitre"><span class="pricePerMeasureMeasure">ml</span></abbr>
    </p>

                                       </div>                                      

                                     
                                        <div class="addToTrolleyForm "> 
                                           <!-- BEGIN AddToTrolley.jsp -->

		<form class="addToTrolleyForm" name="OrderItemAddForm_712719" action="OrderItemAdd" method="post" id="OrderItemAddForm_712719">
		    <input type="hidden" name="storeId" value="10151"><input type="hidden" name="langId" value="44"><input type="hidden" name="catalogId" value="10241"><input type="hidden" name="errorViewName" value="CategoryDisplayView"><input type="hidden" name="SKU_ID" value="7724814"><input type="hidden" name="itemType" value=""><label class="access" for="quantity_712718">Quantity</label>
		        
					<input name="quantity" id="quantity_712718" type="text" size="3" value="1" class="quantity"><input type="hidden" name="catEntryId" value="712719"><input type="hidden" name="productId" value="712718"><input type="hidden" name="URL" value="http://www.sainsburys.co.uk/webapp/wcs/stores/servlet/CategoryDisplay?msg=&amp;langId=44&amp;storeId=10151&amp;krypto=DCnawB4kF1P62vJKWOLl4bTQS8HvnyF3y8AtfXIJZn5ESwdXVzWXj9P3bxxViiVRGtM3Cs4oohJ1OwMiSdYs%2FHY2GfWoCOubKwB9oMlZWYtt2S95pi6owxfpfNkcRIBMQ8A0nci97P2SGzTzV6Fv7DT6ViLruLFXAHjC8cEa8C0%3D&amp;ddkey=http%3Agb%2Fgroceries%2Fdrinks%2Ffruit-flavoured"><input type="hidden" name="page" value=""><input type="hidden" name="contractId" value=""><input type="hidden" name="calculateOrder" value="1"><input type="hidden" name="calculationUsage" value="-1,-2,-3"><input type="hidden" name="updateable" value="1"><input type="hidden" name="merge" value="***"><input type="hidden" name="callAjax" value="false"><input class="button process" type="submit" name="Add" value="Add">
</form>
	<!-- END AddToTrolley.jsp -->
        <div class="numberInTrolley hidden numberInTrolley_712718" id="numberInTrolley_712718">
            
        </div>
    
                                        </div>

                                        <!-- BEGIN CatalogEntryRatingsReviewsInfo.jspf --><!-- productAllowedRatingsAndReviews: true -->
    <div class="reviews">
        
            <a class="numberOfReviews" href="http://www.sainsburys.co.uk/shop/gb/groceries/fruit-flavoured/appletiser-6x330ml#reviews">
                <img src="http://c2.sainsburys.co.uk/wcsstore7.20.1.145/SainsburysStorefrontAssetStore/img/stars/rating-5_0.gif" alt="5.0" border="0">Â  
                Reviews (3)
            </a>
        
    </div>
<!-- END CatalogEntryRatingsReviewsInfo.jspf -->
                                   </div>
                               <!-- Start AddToSubscriptionList.jspf --><!-- Start AddToSubscriptionList.jsp --><!-- End AddToSubscriptionList.jsp --><!-- End AddToSubscriptionList.jspf -->     
                    </div>
                            
                    
                </div>     
            </div>
            <!--ThumbnailRestriction --><!-- END CatalogEntryThumbnailDisplay.jsp -->
	                            </div>
</li>
	                         

	                            <li class="gridItem" style="min-height: 406px;">
	                                <!-- BEGIN CatalogEntryThumbnailDisplay.jsp --><!-- BEGIN MerchandisingAssociationsDisplay.jsp --><!-- Start - JSP File Name:  MerchandisingAssociationsDisplay.jsp --><!-- END MerchandisingAssociationsDisplay.jsp -->
            <div class="product ">
                
                <div class="productInfo">
                    <div class="productNameAndPromotions">
                        
                                  <h3>
                                    <a href="http://www.sainsburys.co.uk/shop/gb/groceries/fruit-flavoured/old-jamaica-grape-soda-330ml">
                                        Old Jamaica Grape Soda 330ml
                                        <img src="http://c2.sainsburys.co.uk/wcsstore7.20.1.145/ExtendedSitesCatalogAssetStore/images/catalog/productImages/68/5000177467168/5000177467168_L.jpeg" alt=""></a>
                                </h3>
                              
                    </div> 
                </div>
                
                <div class="errorBanner hidden" id="error55247"></div>
                <div class="addToTrolleytabBox">   
                    <!--addToTrolleytabBox GRID VIEW --><!-- Start UserSubscribedOrNot.jspf --><!-- Start UserSubscribedOrNot.jsp --><!-- 
			If the user is not logged in, render this opening 
			DIV adding an addtional class to fix the border top which is removed 
			and replaced by the tabs
		-->
		<div class="addToTrolleytabContainer addItemBorderTop">
	<!-- End AddToSubscriptionList.jsp --><!-- End AddSubscriptionList.jspf --><!-- 
                    ATTENTION!!!
                    <div class="addToTrolleytabContainer">
                    This opening div is inside "../../ReusableObjects/UserSubscribedOrNot.jsp"
                    -->
                    <div class="pricingAndTrolleyOptions">
                    	
                                    <div class="priceTab priceTabContainer activeContainer addItem" id="addItem_55247">
                                       <div class="pricing">
                                           
	<p class="pricePerUnit">
    Â£0.45<abbr title="per">/</abbr><abbr title="unit"><span class="pricePerUnitUnit">unit</span></abbr>
</p>
 
    <p class="pricePerMeasure">Â£1.36<abbr title="per">/</abbr><abbr title="litres"><span class="pricePerMeasureMeasure">ltr</span></abbr>
    </p>

                                       </div>                                      

                                     
                                        <div class="addToTrolleyForm "> 
                                           <!-- BEGIN AddToTrolley.jsp -->

		<form class="addToTrolleyForm" name="OrderItemAddForm_55247" action="OrderItemAdd" method="post" id="OrderItemAddForm_55247">
		    <input type="hidden" name="storeId" value="10151"><input type="hidden" name="langId" value="44"><input type="hidden" name="catalogId" value="10241"><input type="hidden" name="errorViewName" value="CategoryDisplayView"><input type="hidden" name="SKU_ID" value="7589937"><input type="hidden" name="itemType" value=""><label class="access" for="quantity_55246">Quantity</label>
		        
					<input name="quantity" id="quantity_55246" type="text" size="3" value="1" class="quantity"><input type="hidden" name="catEntryId" value="55247"><input type="hidden" name="productId" value="55246"><input type="hidden" name="URL" value="http://www.sainsburys.co.uk/webapp/wcs/stores/servlet/CategoryDisplay?msg=&amp;langId=44&amp;storeId=10151&amp;krypto=DCnawB4kF1P62vJKWOLl4bTQS8HvnyF3y8AtfXIJZn5ESwdXVzWXj9P3bxxViiVRGtM3Cs4oohJ1OwMiSdYs%2FHY2GfWoCOubKwB9oMlZWYtt2S95pi6owxfpfNkcRIBMQ8A0nci97P2SGzTzV6Fv7DT6ViLruLFXAHjC8cEa8C0%3D&amp;ddkey=http%3Agb%2Fgroceries%2Fdrinks%2Ffruit-flavoured"><input type="hidden" name="page" value=""><input type="hidden" name="contractId" value=""><input type="hidden" name="calculateOrder" value="1"><input type="hidden" name="calculationUsage" value="-1,-2,-3"><input type="hidden" name="updateable" value="1"><input type="hidden" name="merge" value="***"><input type="hidden" name="callAjax" value="false"><input class="button process" type="submit" name="Add" value="Add">
</form>
	<!-- END AddToTrolley.jsp -->
        <div class="numberInTrolley hidden numberInTrolley_55246" id="numberInTrolley_55246">
            
        </div>
    
                                        </div>

                                        <!-- BEGIN CatalogEntryRatingsReviewsInfo.jspf --><!-- productAllowedRatingsAndReviews: true -->
    <div class="reviews">
        
            <a class="numberOfReviews" href="http://www.sainsburys.co.uk/shop/gb/groceries/fruit-flavoured/old-jamaica-grape-soda-330ml#reviews">
                <img src="http://c2.sainsburys.co.uk/wcsstore7.20.1.145/SainsburysStorefrontAssetStore/img/stars/rating-5_0.gif" alt="5.0" border="0">Â  
                Reviews (1)
            </a>
        
    </div>
<!-- END CatalogEntryRatingsReviewsInfo.jspf -->
                                   </div>
                               <!-- Start AddToSubscriptionList.jspf --><!-- Start AddToSubscriptionList.jsp --><!-- End AddToSubscriptionList.jsp --><!-- End AddToSubscriptionList.jspf -->     
                    </div>
                            
                    
                </div>     
            </div>
            <!--ThumbnailRestriction --><!-- END CatalogEntryThumbnailDisplay.jsp -->
	                            </div>
</li>
	                         

	                            <li class="gridItem" style="min-height: 448px;">
	                                <!-- BEGIN CatalogEntryThumbnailDisplay.jsp --><!-- BEGIN MerchandisingAssociationsDisplay.jsp --><!-- Start - JSP File Name:  MerchandisingAssociationsDisplay.jsp --><!-- END MerchandisingAssociationsDisplay.jsp -->
            <div class="product  highlighted specialOffer straplineRow">
                
                <div class="productInfo">
                    <div class="productNameAndPromotions">
                        
                                  <h3>
                                    <a href="http://www.sainsburys.co.uk/shop/gb/groceries/fruit-flavoured/lucozade-energy-orange-500ml">
                                        Lucozade Energy Orange 500ml
                                        <img src="http://c2.sainsburys.co.uk/wcsstore7.20.1.145/ExtendedSitesCatalogAssetStore/images/catalog/productImages/16/5054267000216/5054267000216_L.jpeg" alt=""></a>
                                </h3>
                              
    <div class="promotion">
                   
		            <p><a href="http://www.sainsburys.co.uk/shop/PromotionDisplayView?catalogId=10241&amp;langId=44&amp;productId=40578&amp;storeId=10151&amp;promotionId=10232899"><!-- BEGIN include/PromotionStrapline.jspf -->Only Â£1.00: Save 20p<br><!-- FINISH include/PromotionStrapline.jspf --></a></p>
		                        
    </div>

                    </div> 
                </div>
                
        <div class="strapline"><a href="http://www.sainsburys.co.uk/shop/PromotionDisplayView?catalogId=10241&amp;langId=44&amp;productId=40578&amp;storeId=10151&amp;promotionId=10232899"><img src="/wcsstore7.20.1.145/SainsburysStorefrontAssetStore/wcassets/icons/special/img-special-offer.png" alt="Special Offer"></a></div>
    
                <div class="errorBanner hidden" id="error40579"></div>
                <div class="addToTrolleytabBox">   
                    <!--addToTrolleytabBox GRID VIEW --><!-- Start UserSubscribedOrNot.jspf --><!-- Start UserSubscribedOrNot.jsp --><!-- 
			If the user is not logged in, render this opening 
			DIV adding an addtional class to fix the border top which is removed 
			and replaced by the tabs
		-->
		<div class="addToTrolleytabContainer addItemBorderTop">
	<!-- End AddToSubscriptionList.jsp --><!-- End AddSubscriptionList.jspf --><!-- 
                    ATTENTION!!!
                    <div class="addToTrolleytabContainer">
                    This opening div is inside "../../ReusableObjects/UserSubscribedOrNot.jsp"
                    -->
                    <div class="pricingAndTrolleyOptions">
                    	
                                    <div class="priceTab priceTabContainer activeContainer addItem" id="addItem_40579">
                                       <div class="pricing">
                                           
	<p class="pricePerUnit">
    Â£1.00<abbr title="per">/</abbr><abbr title="unit"><span class="pricePerUnitUnit">unit</span></abbr>
</p>
 
    <p class="pricePerMeasure">Â£0.20<abbr title="per">/</abbr>100<abbr title="millilitre"><span class="pricePerMeasureMeasure">ml</span></abbr>
    </p>

                                       </div>                                      

                                     
                                        <div class="addToTrolleyForm "> 
                                           <!-- BEGIN AddToTrolley.jsp -->

		<form class="addToTrolleyForm" name="OrderItemAddForm_40579" action="OrderItemAdd" method="post" id="OrderItemAddForm_40579">
		    <input type="hidden" name="storeId" value="10151"><input type="hidden" name="langId" value="44"><input type="hidden" name="catalogId" value="10241"><input type="hidden" name="errorViewName" value="CategoryDisplayView"><input type="hidden" name="SKU_ID" value="4122937"><input type="hidden" name="itemType" value=""><label class="access" for="quantity_40578">Quantity</label>
		        
					<input name="quantity" id="quantity_40578" type="text" size="3" value="1" class="quantity"><input type="hidden" name="catEntryId" value="40579"><input type="hidden" name="productId" value="40578"><input type="hidden" name="URL" value="http://www.sainsburys.co.uk/webapp/wcs/stores/servlet/CategoryDisplay?msg=&amp;langId=44&amp;storeId=10151&amp;krypto=DCnawB4kF1P62vJKWOLl4bTQS8HvnyF3y8AtfXIJZn5ESwdXVzWXj9P3bxxViiVRGtM3Cs4oohJ1OwMiSdYs%2FHY2GfWoCOubKwB9oMlZWYtt2S95pi6owxfpfNkcRIBMQ8A0nci97P2SGzTzV6Fv7DT6ViLruLFXAHjC8cEa8C0%3D&amp;ddkey=http%3Agb%2Fgroceries%2Fdrinks%2Ffruit-flavoured"><input type="hidden" name="page" value=""><input type="hidden" name="contractId" value=""><input type="hidden" name="calculateOrder" value="1"><input type="hidden" name="calculationUsage" value="-1,-2,-3"><input type="hidden" name="updateable" value="1"><input type="hidden" name="merge" value="***"><input type="hidden" name="callAjax" value="false"><input class="button process" type="submit" name="Add" value="Add">
</form>
	<!-- END AddToTrolley.jsp -->
        <div class="numberInTrolley hidden numberInTrolley_40578" id="numberInTrolley_40578">
            
        </div>
    
                                        </div>

                                        <!-- BEGIN CatalogEntryRatingsReviewsInfo.jspf --><!-- productAllowedRatingsAndReviews: true -->
    <div class="reviews">
        
	        <a class="numberOfReviews repressive" href="http://reviews.sainsburys.co.uk//8076-en_gb/4122937-P/writereview.htm?submissionurl=http%3A%2F%2Fwww.sainsburys.co.uk%2Fwebapp%2Fwcs%2Fstores%2Fservlet%2FBVReviewSubmitDisplay%3FcatalogId%3D10241%26storeId%3D10151%26recipe%3D%26langId%3D44%26productId%3D4122937-P&amp;return=http%3A%2F%2Fwww.sainsburys.co.uk%2Fwebapp%2Fwcs%2Fstores%2Fservlet%2FAjaxApplyFilterBrowseView%3FlangId%3D44%26storeId%3D10151%26catalogId%3D10241%26categoryId%3D12392%26parent_category_rn%3D12192%26top_category%3D12192%26pageSize%3D30%26orderBy%3DFAVOURITES_ONLY%257CTOP_SELLERS%26searchTerm%3D%26beginIndex%3D0%26facet%3D88%26requesttype%3Dajax">
	    Write a review
          	</a>
        
    </div>
<!-- END CatalogEntryRatingsReviewsInfo.jspf -->
                                   </div>
                               <!-- Start AddToSubscriptionList.jspf --><!-- Start AddToSubscriptionList.jsp --><!-- End AddToSubscriptionList.jsp --><!-- End AddToSubscriptionList.jspf -->     
                    </div>
                            
                    
                </div>     
            </div>
            <!--ThumbnailRestriction --><!-- END CatalogEntryThumbnailDisplay.jsp -->
	                            </div>
</li>
	                         

	                            <li class="gridItem" style="min-height: 448px;">
	                                <!-- BEGIN CatalogEntryThumbnailDisplay.jsp --><!-- BEGIN MerchandisingAssociationsDisplay.jsp --><!-- Start - JSP File Name:  MerchandisingAssociationsDisplay.jsp --><!-- END MerchandisingAssociationsDisplay.jsp -->
            <div class="product  straplineRow">
                
                <div class="productInfo">
                    <div class="productNameAndPromotions">
                        
                                  <h3>
                                    <a href="http://www.sainsburys.co.uk/shop/gb/groceries/fruit-flavoured/vimto-sparkling-fruit-flavour-drink-6x330ml">
                                        Vimto Sparkling Fruit Flavour Drink 6x330ml
                                        <img src="http://c2.sainsburys.co.uk/wcsstore7.20.1.145/ExtendedSitesCatalogAssetStore/images/catalog/productImages/19/5010438700019/5010438700019_L.jpeg" alt=""></a>
                                </h3>
                              
                    </div> 
                </div>
                
                <div class="errorBanner hidden" id="error83277"></div>
                <div class="addToTrolleytabBox">   
                    <!--addToTrolleytabBox GRID VIEW --><!-- Start UserSubscribedOrNot.jspf --><!-- Start UserSubscribedOrNot.jsp --><!-- 
			If the user is not logged in, render this opening 
			DIV adding an addtional class to fix the border top which is removed 
			and replaced by the tabs
		-->
		<div class="addToTrolleytabContainer addItemBorderTop">
	<!-- End AddToSubscriptionList.jsp --><!-- End AddSubscriptionList.jspf --><!-- 
                    ATTENTION!!!
                    <div class="addToTrolleytabContainer">
                    This opening div is inside "../../ReusableObjects/UserSubscribedOrNot.jsp"
                    -->
                    <div class="pricingAndTrolleyOptions">
                    	
                                    <div class="priceTab priceTabContainer activeContainer addItem" id="addItem_83277">
                                       <div class="pricing">
                                           
	<p class="pricePerUnit">
    Â£2.50<abbr title="per">/</abbr><abbr title="unit"><span class="pricePerUnitUnit">unit</span></abbr>
</p>
 
    <p class="pricePerMeasure">Â£0.13<abbr title="per">/</abbr>100<abbr title="millilitre"><span class="pricePerMeasureMeasure">ml</span></abbr>
    </p>

                                       </div>                                      

                                     
                                        <div class="addToTrolleyForm "> 
                                           <!-- BEGIN AddToTrolley.jsp -->

		<form class="addToTrolleyForm" name="OrderItemAddForm_83277" action="OrderItemAdd" method="post" id="OrderItemAddForm_83277">
		    <input type="hidden" name="storeId" value="10151"><input type="hidden" name="langId" value="44"><input type="hidden" name="catalogId" value="10241"><input type="hidden" name="errorViewName" value="CategoryDisplayView"><input type="hidden" name="SKU_ID" value="3451090"><input type="hidden" name="itemType" value=""><label class="access" for="quantity_83276">Quantity</label>
		        
					<input name="quantity" id="quantity_83276" type="text" size="3" value="1" class="quantity"><input type="hidden" name="catEntryId" value="83277"><input type="hidden" name="productId" value="83276"><input type="hidden" name="URL" value="http://www.sainsburys.co.uk/webapp/wcs/stores/servlet/CategoryDisplay?msg=&amp;langId=44&amp;storeId=10151&amp;krypto=DCnawB4kF1P62vJKWOLl4bTQS8HvnyF3y8AtfXIJZn5ESwdXVzWXj9P3bxxViiVRGtM3Cs4oohJ1OwMiSdYs%2FHY2GfWoCOubKwB9oMlZWYtt2S95pi6owxfpfNkcRIBMQ8A0nci97P2SGzTzV6Fv7DT6ViLruLFXAHjC8cEa8C0%3D&amp;ddkey=http%3Agb%2Fgroceries%2Fdrinks%2Ffruit-flavoured"><input type="hidden" name="page" value=""><input type="hidden" name="contractId" value=""><input type="hidden" name="calculateOrder" value="1"><input type="hidden" name="calculationUsage" value="-1,-2,-3"><input type="hidden" name="updateable" value="1"><input type="hidden" name="merge" value="***"><input type="hidden" name="callAjax" value="false"><input class="button process" type="submit" name="Add" value="Add">
</form>
	<!-- END AddToTrolley.jsp -->
        <div class="numberInTrolley hidden numberInTrolley_83276" id="numberInTrolley_83276">
            
        </div>
    
                                        </div>

                                        <!-- BEGIN CatalogEntryRatingsReviewsInfo.jspf --><!-- productAllowedRatingsAndReviews: true -->
    <div class="reviews">
        
	        <a class="numberOfReviews repressive" href="http://reviews.sainsburys.co.uk//8076-en_gb/3451090-P/writereview.htm?submissionurl=http%3A%2F%2Fwww.sainsburys.co.uk%2Fwebapp%2Fwcs%2Fstores%2Fservlet%2FBVReviewSubmitDisplay%3FcatalogId%3D10120%26storeId%3D10151%26recipe%3D%26langId%3D44%26productId%3D3451090-P&amp;return=http%3A%2F%2Fwww.sainsburys.co.uk%2Fwebapp%2Fwcs%2Fstores%2Fservlet%2FCategoryDisplay%3FpageSize%3D100">
	    Write a review
          	</a>
        
    </div>
<!-- END CatalogEntryRatingsReviewsInfo.jspf -->
                                   </div>
                               <!-- Start AddToSubscriptionList.jspf --><!-- Start AddToSubscriptionList.jsp --><!-- End AddToSubscriptionList.jsp --><!-- End AddToSubscriptionList.jspf -->     
                    </div>
                            
                    
                </div>     
            </div>
            <!--ThumbnailRestriction --><!-- END CatalogEntryThumbnailDisplay.jsp -->
	                            </div>
</li>
	                         

	                            <li class="gridItem" style="min-height: 448px;">
	                                <!-- BEGIN CatalogEntryThumbnailDisplay.jsp --><!-- BEGIN MerchandisingAssociationsDisplay.jsp --><!-- Start - JSP File Name:  MerchandisingAssociationsDisplay.jsp --><!-- END MerchandisingAssociationsDisplay.jsp -->
            <div class="product  straplineRow">
                
                <div class="productInfo">
                    <div class="productNameAndPromotions">
                        
                                  <h3>
                                    <a href="http://www.sainsburys.co.uk/shop/gb/groceries/fruit-flavoured/lucozade-energy-pink-lemonade-6x380ml">
                                        Lucozade Energy Pink Lemonade 6x380ml
                                        <img src="http://c2.sainsburys.co.uk/wcsstore7.20.1.145/ExtendedSitesCatalogAssetStore/images/catalog/productImages/89/5054267000889/5054267000889_L.jpeg" alt=""></a>
                                </h3>
                              
                    </div> 
                </div>
                
                <div class="errorBanner hidden" id="error540353"></div>
                <div class="addToTrolleytabBox">   
                    <!--addToTrolleytabBox GRID VIEW --><!-- Start UserSubscribedOrNot.jspf --><!-- Start UserSubscribedOrNot.jsp --><!-- 
			If the user is not logged in, render this opening 
			DIV adding an addtional class to fix the border top which is removed 
			and replaced by the tabs
		-->
		<div class="addToTrolleytabContainer addItemBorderTop">
	<!-- End AddToSubscriptionList.jsp --><!-- End AddSubscriptionList.jspf --><!-- 
                    ATTENTION!!!
                    <div class="addToTrolleytabContainer">
                    This opening div is inside "../../ReusableObjects/UserSubscribedOrNot.jsp"
                    -->
                    <div class="pricingAndTrolleyOptions">
                    	
                                    <div class="priceTab priceTabContainer activeContainer addItem" id="addItem_540353">
                                       <div class="pricing">
                                           
	<p class="pricePerUnit">
    Â£3.00<abbr title="per">/</abbr><abbr title="unit"><span class="pricePerUnitUnit">unit</span></abbr>
</p>
 
    <p class="pricePerMeasure">Â£0.13<abbr title="per">/</abbr>100<abbr title="millilitre"><span class="pricePerMeasureMeasure">ml</span></abbr>
    </p>

                                       </div>                                      

                                     
                                        <div class="addToTrolleyForm "> 
                                           <!-- BEGIN AddToTrolley.jsp -->

		<form class="addToTrolleyForm" name="OrderItemAddForm_540353" action="OrderItemAdd" method="post" id="OrderItemAddForm_540353">
		    <input type="hidden" name="storeId" value="10151"><input type="hidden" name="langId" value="44"><input type="hidden" name="catalogId" value="10241"><input type="hidden" name="errorViewName" value="CategoryDisplayView"><input type="hidden" name="SKU_ID" value="7672992"><input type="hidden" name="itemType" value=""><label class="access" for="quantity_540352">Quantity</label>
		        
					<input name="quantity" id="quantity_540352" type="text" size="3" value="1" class="quantity"><input type="hidden" name="catEntryId" value="540353"><input type="hidden" name="productId" value="540352"><input type="hidden" name="URL" value="http://www.sainsburys.co.uk/webapp/wcs/stores/servlet/CategoryDisplay?msg=&amp;langId=44&amp;storeId=10151&amp;krypto=DCnawB4kF1P62vJKWOLl4bTQS8HvnyF3y8AtfXIJZn5ESwdXVzWXj9P3bxxViiVRGtM3Cs4oohJ1OwMiSdYs%2FHY2GfWoCOubKwB9oMlZWYtt2S95pi6owxfpfNkcRIBMQ8A0nci97P2SGzTzV6Fv7DT6ViLruLFXAHjC8cEa8C0%3D&amp;ddkey=http%3Agb%2Fgroceries%2Fdrinks%2Ffruit-flavoured"><input type="hidden" name="page" value=""><input type="hidden" name="contractId" value=""><input type="hidden" name="calculateOrder" value="1"><input type="hidden" name="calculationUsage" value="-1,-2,-3"><input type="hidden" name="updateable" value="1"><input type="hidden" name="merge" value="***"><input type="hidden" name="callAjax" value="false"><input class="button process" type="submit" name="Add" value="Add">
</form>
	<!-- END AddToTrolley.jsp -->
        <div class="numberInTrolley hidden numberInTrolley_540352" id="numberInTrolley_540352">
            
        </div>
    
                                        </div>

                                        <!-- BEGIN CatalogEntryRatingsReviewsInfo.jspf --><!-- productAllowedRatingsAndReviews: true -->
    <div class="reviews">
        
            <a class="numberOfReviews" href="http://www.sainsburys.co.uk/shop/gb/groceries/fruit-flavoured/lucozade-energy-pink-lemonade-6x380ml#reviews">
                <img src="http://c2.sainsburys.co.uk/wcsstore7.20.1.145/SainsburysStorefrontAssetStore/img/stars/rating-5_0.gif" alt="5.0" border="0">Â  
                Reviews (1)
            </a>
        
    </div>
<!-- END CatalogEntryRatingsReviewsInfo.jspf -->
                                   </div>
                               <!-- Start AddToSubscriptionList.jspf --><!-- Start AddToSubscriptionList.jsp --><!-- End AddToSubscriptionList.jsp --><!-- End AddToSubscriptionList.jspf -->     
                    </div>
                            
                    
                </div>     
            </div>
            <!--ThumbnailRestriction --><!-- END CatalogEntryThumbnailDisplay.jsp -->
	                            </div>
</li>
	                         

	                            <li class="gridItem" style="min-height: 448px;">
	                                <!-- BEGIN CatalogEntryThumbnailDisplay.jsp --><!-- BEGIN MerchandisingAssociationsDisplay.jsp --><!-- Start - JSP File Name:  MerchandisingAssociationsDisplay.jsp --><!-- END MerchandisingAssociationsDisplay.jsp -->
            <div class="product  highlighted specialOffer straplineRow">
                
                <div class="productInfo">
                    <div class="productNameAndPromotions">
                        
                                  <h3>
                                    <a href="http://www.sainsburys.co.uk/shop/gb/groceries/fruit-flavoured/lilt-2l">
                                        Lilt 2L
                                        <img src="http://c2.sainsburys.co.uk/wcsstore7.20.1.145/ExtendedSitesCatalogAssetStore/images/catalog/productImages/51/5449000001351/5449000001351_L.jpeg" alt=""></a>
                                </h3>
                              
    <div class="promotion">
                   
		            <p><a href="http://www.sainsburys.co.uk/shop/PromotionDisplayView?catalogId=10241&amp;langId=44&amp;productId=80874&amp;storeId=10151&amp;promotionId=10232863"><!-- BEGIN include/PromotionStrapline.jspf -->Only Â£1.00: Save 60p<br><!-- FINISH include/PromotionStrapline.jspf --></a></p>
		                        
    </div>

                    </div> 
                </div>
                
        <div class="strapline"><a href="http://www.sainsburys.co.uk/shop/PromotionDisplayView?catalogId=10241&amp;langId=44&amp;productId=80874&amp;storeId=10151&amp;promotionId=10232863"><img src="/wcsstore7.20.1.145/SainsburysStorefrontAssetStore/wcassets/icons/special/img-special-offer.png" alt="Special Offer"></a></div>
    
                <div class="errorBanner hidden" id="error80875"></div>
                <div class="addToTrolleytabBox">   
                    <!--addToTrolleytabBox GRID VIEW --><!-- Start UserSubscribedOrNot.jspf --><!-- Start UserSubscribedOrNot.jsp --><!-- 
			If the user is not logged in, render this opening 
			DIV adding an addtional class to fix the border top which is removed 
			and replaced by the tabs
		-->
		<div class="addToTrolleytabContainer addItemBorderTop">
	<!-- End AddToSubscriptionList.jsp --><!-- End AddSubscriptionList.jspf --><!-- 
                    ATTENTION!!!
                    <div class="addToTrolleytabContainer">
                    This opening div is inside "../../ReusableObjects/UserSubscribedOrNot.jsp"
                    -->
                    <div class="pricingAndTrolleyOptions">
                    	
                                    <div class="priceTab priceTabContainer activeContainer addItem" id="addItem_80875">
                                       <div class="pricing">
                                           
	<p class="pricePerUnit">
    Â£1.00<abbr title="per">/</abbr><abbr title="unit"><span class="pricePerUnitUnit">unit</span></abbr>
</p>
 
    <p class="pricePerMeasure">Â£0.05<abbr title="per">/</abbr>100<abbr title="millilitre"><span class="pricePerMeasureMeasure">ml</span></abbr>
    </p>

                                       </div>                                      

                                     
                                        <div class="addToTrolleyForm "> 
                                           <!-- BEGIN AddToTrolley.jsp -->

		<form class="addToTrolleyForm" name="OrderItemAddForm_80875" action="OrderItemAdd" method="post" id="OrderItemAddForm_80875">
		    <input type="hidden" name="storeId" value="10151"><input type="hidden" name="langId" value="44"><input type="hidden" name="catalogId" value="10241"><input type="hidden" name="errorViewName" value="CategoryDisplayView"><input type="hidden" name="SKU_ID" value="2214016"><input type="hidden" name="itemType" value=""><label class="access" for="quantity_80874">Quantity</label>
		        
					<input name="quantity" id="quantity_80874" type="text" size="3" value="1" class="quantity"><input type="hidden" name="catEntryId" value="80875"><input type="hidden" name="productId" value="80874"><input type="hidden" name="URL" value="http://www.sainsburys.co.uk/webapp/wcs/stores/servlet/CategoryDisplay?msg=&amp;langId=44&amp;storeId=10151&amp;krypto=DCnawB4kF1P62vJKWOLl4bTQS8HvnyF3y8AtfXIJZn5ESwdXVzWXj9P3bxxViiVRGtM3Cs4oohJ1OwMiSdYs%2FHY2GfWoCOubKwB9oMlZWYtt2S95pi6owxfpfNkcRIBMQ8A0nci97P2SGzTzV6Fv7DT6ViLruLFXAHjC8cEa8C0%3D&amp;ddkey=http%3Agb%2Fgroceries%2Fdrinks%2Ffruit-flavoured"><input type="hidden" name="page" value=""><input type="hidden" name="contractId" value=""><input type="hidden" name="calculateOrder" value="1"><input type="hidden" name="calculationUsage" value="-1,-2,-3"><input type="hidden" name="updateable" value="1"><input type="hidden" name="merge" value="***"><input type="hidden" name="callAjax" value="false"><input class="button process" type="submit" name="Add" value="Add">
</form>
	<!-- END AddToTrolley.jsp -->
        <div class="numberInTrolley hidden numberInTrolley_80874" id="numberInTrolley_80874">
            
        </div>
    
                                        </div>

                                        <!-- BEGIN CatalogEntryRatingsReviewsInfo.jspf --><!-- productAllowedRatingsAndReviews: true -->
    <div class="reviews">
        
	        <a class="numberOfReviews repressive" href="http://reviews.sainsburys.co.uk//8076-en_gb/2214016-P/writereview.htm?submissionurl=http%3A%2F%2Fwww.sainsburys.co.uk%2Fwebapp%2Fwcs%2Fstores%2Fservlet%2FBVReviewSubmitDisplay%3FcatalogId%3D10241%26storeId%3D10151%26recipe%3D%26langId%3D44%26productId%3D2214016-P&amp;return=http%3A%2F%2Fwww.sainsburys.co.uk%2Fwebapp%2Fwcs%2Fstores%2Fservlet%2FAjaxApplyFilterBrowseView%3FlangId%3D44%26storeId%3D10151%26catalogId%3D10241%26categoryId%3D12392%26parent_category_rn%3D12192%26top_category%3D12192%26pageSize%3D30%26orderBy%3DFAVOURITES_ONLY%257CTOP_SELLERS%26searchTerm%3D%26beginIndex%3D0%26facet%3D88%26requesttype%3Dajax">
	    Write a review
          	</a>
        
    </div>
<!-- END CatalogEntryRatingsReviewsInfo.jspf -->
                                   </div>
                               <!-- Start AddToSubscriptionList.jspf --><!-- Start AddToSubscriptionList.jsp --><!-- End AddToSubscriptionList.jsp --><!-- End AddToSubscriptionList.jspf -->     
                    </div>
                            
                    
                </div>     
            </div>
            <!--ThumbnailRestriction --><!-- END CatalogEntryThumbnailDisplay.jsp -->
	                            </div>
</li>
	                         

	                            <li class="gridItem" style="min-height: 448px;">
	                                <!-- BEGIN CatalogEntryThumbnailDisplay.jsp --><!-- BEGIN MerchandisingAssociationsDisplay.jsp --><!-- Start - JSP File Name:  MerchandisingAssociationsDisplay.jsp --><!-- END MerchandisingAssociationsDisplay.jsp -->
            <div class="product  straplineRow">
                
                <div class="productInfo">
                    <div class="productNameAndPromotions">
                        
                                  <h3>
                                    <a href="http://www.sainsburys.co.uk/shop/gb/groceries/fruit-flavoured/old-jamaica-ginger-beer--light-330ml">
                                        Old Jamaica Ginger Beer, Light 330ml
                                        <img src="http://c2.sainsburys.co.uk/wcsstore7.20.1.145/ExtendedSitesCatalogAssetStore/images/catalog/productImages/35/5029578000835/5029578000835_L.jpeg" alt=""></a>
                                </h3>
                              
                    </div> 
                </div>
                
                <div class="errorBanner hidden" id="error55245"></div>
                <div class="addToTrolleytabBox">   
                    <!--addToTrolleytabBox GRID VIEW --><!-- Start UserSubscribedOrNot.jspf --><!-- Start UserSubscribedOrNot.jsp --><!-- 
			If the user is not logged in, render this opening 
			DIV adding an addtional class to fix the border top which is removed 
			and replaced by the tabs
		-->
		<div class="addToTrolleytabContainer addItemBorderTop">
	<!-- End AddToSubscriptionList.jsp --><!-- End AddSubscriptionList.jspf --><!-- 
                    ATTENTION!!!
                    <div class="addToTrolleytabContainer">
                    This opening div is inside "../../ReusableObjects/UserSubscribedOrNot.jsp"
                    -->
                    <div class="pricingAndTrolleyOptions">
                    	
                                    <div class="priceTab priceTabContainer activeContainer addItem" id="addItem_55245">
                                       <div class="pricing">
                                           
	<p class="pricePerUnit">
    Â£0.45<abbr title="per">/</abbr><abbr title="unit"><span class="pricePerUnitUnit">unit</span></abbr>
</p>
 
    <p class="pricePerMeasure">Â£1.36<abbr title="per">/</abbr><abbr title="litres"><span class="pricePerMeasureMeasure">ltr</span></abbr>
    </p>

                                       </div>                                      

                                     
                                        <div class="addToTrolleyForm "> 
                                           <!-- BEGIN AddToTrolley.jsp -->

		<form class="addToTrolleyForm" name="OrderItemAddForm_55245" action="OrderItemAdd" method="post" id="OrderItemAddForm_55245">
		    <input type="hidden" name="storeId" value="10151"><input type="hidden" name="langId" value="44"><input type="hidden" name="catalogId" value="10241"><input type="hidden" name="errorViewName" value="CategoryDisplayView"><input type="hidden" name="SKU_ID" value="7589932"><input type="hidden" name="itemType" value=""><label class="access" for="quantity_55244">Quantity</label>
		        
					<input name="quantity" id="quantity_55244" type="text" size="3" value="1" class="quantity"><input type="hidden" name="catEntryId" value="55245"><input type="hidden" name="productId" value="55244"><input type="hidden" name="URL" value="http://www.sainsburys.co.uk/webapp/wcs/stores/servlet/CategoryDisplay?msg=&amp;langId=44&amp;storeId=10151&amp;krypto=DCnawB4kF1P62vJKWOLl4bTQS8HvnyF3y8AtfXIJZn5ESwdXVzWXj9P3bxxViiVRGtM3Cs4oohJ1OwMiSdYs%2FHY2GfWoCOubKwB9oMlZWYtt2S95pi6owxfpfNkcRIBMQ8A0nci97P2SGzTzV6Fv7DT6ViLruLFXAHjC8cEa8C0%3D&amp;ddkey=http%3Agb%2Fgroceries%2Fdrinks%2Ffruit-flavoured"><input type="hidden" name="page" value=""><input type="hidden" name="contractId" value=""><input type="hidden" name="calculateOrder" value="1"><input type="hidden" name="calculationUsage" value="-1,-2,-3"><input type="hidden" name="updateable" value="1"><input type="hidden" name="merge" value="***"><input type="hidden" name="callAjax" value="false"><input class="button process" type="submit" name="Add" value="Add">
</form>
	<!-- END AddToTrolley.jsp -->
        <div class="numberInTrolley hidden numberInTrolley_55244" id="numberInTrolley_55244">
            
        </div>
    
                                        </div>

                                        <!-- BEGIN CatalogEntryRatingsReviewsInfo.jspf --><!-- productAllowedRatingsAndReviews: true -->
    <div class="reviews">
        
	        <a class="numberOfReviews repressive" href="http://reviews.sainsburys.co.uk//8076-en_gb/7589932-P/writereview.htm?submissionurl=http%3A%2F%2Fwww.sainsburys.co.uk%2Fwebapp%2Fwcs%2Fstores%2Fservlet%2FBVReviewSubmitDisplay%3FcatalogId%3D10241%26storeId%3D10151%26recipe%3D%26langId%3D44%26productId%3D7589932-P&amp;return=http%3A%2F%2Fwww.sainsburys.co.uk%2Fwebapp%2Fwcs%2Fstores%2Fservlet%2FAjaxApplyFilterBrowseView%3FlangId%3D44%26storeId%3D10151%26catalogId%3D10241%26categoryId%3D12392%26parent_category_rn%3D12192%26top_category%3D12192%26pageSize%3D30%26orderBy%3DFAVOURITES_ONLY%257CTOP_SELLERS%26searchTerm%3D%26beginIndex%3D0%26facet%3D4294965508%26requesttype%3Dajax">
	    Write a review
          	</a>
        
    </div>
<!-- END CatalogEntryRatingsReviewsInfo.jspf -->
                                   </div>
                               <!-- Start AddToSubscriptionList.jspf --><!-- Start AddToSubscriptionList.jsp --><!-- End AddToSubscriptionList.jsp --><!-- End AddToSubscriptionList.jspf -->     
                    </div>
                            
                    
                </div>     
            </div>
            <!--ThumbnailRestriction --><!-- END CatalogEntryThumbnailDisplay.jsp -->
	                            </div>
</li>
	                         

	                            <li class="gridItem" style="min-height: 448px;">
	                                <!-- BEGIN CatalogEntryThumbnailDisplay.jsp --><!-- BEGIN MerchandisingAssociationsDisplay.jsp --><!-- Start - JSP File Name:  MerchandisingAssociationsDisplay.jsp --><!-- END MerchandisingAssociationsDisplay.jsp -->
            <div class="product  straplineRow">
                
                <div class="productInfo">
                    <div class="productNameAndPromotions">
                        
                                  <h3>
                                    <a href="http://www.sainsburys.co.uk/shop/gb/groceries/fruit-flavoured/levi-roots-caribbean-crush-2l">
                                        Levi Roots Caribbean Crush 2L
                                        <img src="http://c2.sainsburys.co.uk/wcsstore7.20.1.145/ExtendedSitesCatalogAssetStore/images/catalog/productImages/27/5010438003127/5010438003127_L.jpeg" alt=""></a>
                                </h3>
                              
                    </div> 
                </div>
                
                <div class="errorBanner hidden" id="error100011"></div>
                <div class="addToTrolleytabBox">   
                    <!--addToTrolleytabBox GRID VIEW --><!-- Start UserSubscribedOrNot.jspf --><!-- Start UserSubscribedOrNot.jsp --><!-- 
			If the user is not logged in, render this opening 
			DIV adding an addtional class to fix the border top which is removed 
			and replaced by the tabs
		-->
		<div class="addToTrolleytabContainer addItemBorderTop">
	<!-- End AddToSubscriptionList.jsp --><!-- End AddSubscriptionList.jspf --><!-- 
                    ATTENTION!!!
                    <div class="addToTrolleytabContainer">
                    This opening div is inside "../../ReusableObjects/UserSubscribedOrNot.jsp"
                    -->
                    <div class="pricingAndTrolleyOptions">
                    	
                                    <div class="priceTab priceTabContainer activeContainer addItem" id="addItem_100011">
                                       <div class="pricing">
                                           
	<p class="pricePerUnit">
    Â£1.30<abbr title="per">/</abbr><abbr title="unit"><span class="pricePerUnitUnit">unit</span></abbr>
</p>
 
    <p class="pricePerMeasure">Â£0.07<abbr title="per">/</abbr>100<abbr title="millilitre"><span class="pricePerMeasureMeasure">ml</span></abbr>
    </p>

                                       </div>                                      

                                     
                                        <div class="addToTrolleyForm "> 
                                           <!-- BEGIN AddToTrolley.jsp -->

		<form class="addToTrolleyForm" name="OrderItemAddForm_100011" action="OrderItemAdd" method="post" id="OrderItemAddForm_100011">
		    <input type="hidden" name="storeId" value="10151"><input type="hidden" name="langId" value="44"><input type="hidden" name="catalogId" value="10241"><input type="hidden" name="errorViewName" value="CategoryDisplayView"><input type="hidden" name="SKU_ID" value="7471528"><input type="hidden" name="itemType" value=""><label class="access" for="quantity_100010">Quantity</label>
		        
					<input name="quantity" id="quantity_100010" type="text" size="3" value="1" class="quantity"><input type="hidden" name="catEntryId" value="100011"><input type="hidden" name="productId" value="100010"><input type="hidden" name="URL" value="http://www.sainsburys.co.uk/webapp/wcs/stores/servlet/CategoryDisplay?msg=&amp;langId=44&amp;storeId=10151&amp;krypto=DCnawB4kF1P62vJKWOLl4bTQS8HvnyF3y8AtfXIJZn5ESwdXVzWXj9P3bxxViiVRGtM3Cs4oohJ1OwMiSdYs%2FHY2GfWoCOubKwB9oMlZWYtt2S95pi6owxfpfNkcRIBMQ8A0nci97P2SGzTzV6Fv7DT6ViLruLFXAHjC8cEa8C0%3D&amp;ddkey=http%3Agb%2Fgroceries%2Fdrinks%2Ffruit-flavoured"><input type="hidden" name="page" value=""><input type="hidden" name="contractId" value=""><input type="hidden" name="calculateOrder" value="1"><input type="hidden" name="calculationUsage" value="-1,-2,-3"><input type="hidden" name="updateable" value="1"><input type="hidden" name="merge" value="***"><input type="hidden" name="callAjax" value="false"><input class="button process" type="submit" name="Add" value="Add">
</form>
	<!-- END AddToTrolley.jsp -->
        <div class="numberInTrolley hidden numberInTrolley_100010" id="numberInTrolley_100010">
            
        </div>
    
                                        </div>

                                        <!-- BEGIN CatalogEntryRatingsReviewsInfo.jspf --><!-- productAllowedRatingsAndReviews: true -->
    <div class="reviews">
        
	        <a class="numberOfReviews repressive" href="http://reviews.sainsburys.co.uk//8076-en_gb/7471528-P/writereview.htm?submissionurl=http%3A%2F%2Fwww.sainsburys.co.uk%2Fwebapp%2Fwcs%2Fstores%2Fservlet%2FBVReviewSubmitDisplay%3FcatalogId%3D10120%26storeId%3D10151%26recipe%3D%26langId%3D44%26productId%3D7471528-P&amp;return=http%3A%2F%2Fwww.sainsburys.co.uk%2Fwebapp%2Fwcs%2Fstores%2Fservlet%2FCategoryDisplay%3FpageSize%3D100">
	    Write a review
          	</a>
        
    </div>
<!-- END CatalogEntryRatingsReviewsInfo.jspf -->
                                   </div>
                               <!-- Start AddToSubscriptionList.jspf --><!-- Start AddToSubscriptionList.jsp --><!-- End AddToSubscriptionList.jsp --><!-- End AddToSubscriptionList.jspf -->     
                    </div>
                            
                    
                </div>     
            </div>
            <!--ThumbnailRestriction --><!-- END CatalogEntryThumbnailDisplay.jsp -->
	                            </div>
</li>
	                         

	                            <li class="gridItem" style="min-height: 518px;">
	                                <!-- BEGIN CatalogEntryThumbnailDisplay.jsp --><!-- BEGIN MerchandisingAssociationsDisplay.jsp --><!-- Start - JSP File Name:  MerchandisingAssociationsDisplay.jsp --><!-- END MerchandisingAssociationsDisplay.jsp -->
            <div class="product  straplineRow">
                
                <div class="productInfo">
                    <div class="productNameAndPromotions">
                        
                                  <h3>
                                    <a href="http://www.sainsburys.co.uk/shop/gb/groceries/fruit-flavoured/sainsburys-no-added-sugar-tropical-crush-drink-2l">
                                        Sainsbury's No Added Sugar Tropical Crush Drink 2L
                                        <img src="http://c2.sainsburys.co.uk/wcsstore7.20.1.145/ExtendedSitesCatalogAssetStore/images/catalog/productImages/98/0000000175098/0000000175098_L.jpeg" alt=""></a>
                                </h3>
                              
                    </div> 
                </div>
                
                <div class="errorBanner hidden" id="error650839"></div>
                <div class="addToTrolleytabBox">   
                    <!--addToTrolleytabBox GRID VIEW --><!-- Start UserSubscribedOrNot.jspf --><!-- Start UserSubscribedOrNot.jsp --><!-- 
			If the user is not logged in, render this opening 
			DIV adding an addtional class to fix the border top which is removed 
			and replaced by the tabs
		-->
		<div class="addToTrolleytabContainer addItemBorderTop">
	<!-- End AddToSubscriptionList.jsp --><!-- End AddSubscriptionList.jspf --><!-- 
                    ATTENTION!!!
                    <div class="addToTrolleytabContainer">
                    This opening div is inside "../../ReusableObjects/UserSubscribedOrNot.jsp"
                    -->
                    <div class="pricingAndTrolleyOptions">
                    	
                                    <div class="priceTab priceTabContainer activeContainer addItem" id="addItem_650839">
                                       <div class="pricing">
                                           
	<p class="pricePerUnit">
    Â£0.65<abbr title="per">/</abbr><abbr title="unit"><span class="pricePerUnitUnit">unit</span></abbr>
</p>
 
    <p class="pricePerMeasure">Â£0.03<abbr title="per">/</abbr>100<abbr title="millilitre"><span class="pricePerMeasureMeasure">ml</span></abbr>
    </p>

                                       </div>                                      

                                     
                                        <div class="addToTrolleyForm "> 
                                           <!-- BEGIN AddToTrolley.jsp -->

		<form class="addToTrolleyForm" name="OrderItemAddForm_650839" action="OrderItemAdd" method="post" id="OrderItemAddForm_650839">
		    <input type="hidden" name="storeId" value="10151"><input type="hidden" name="langId" value="44"><input type="hidden" name="catalogId" value="10241"><input type="hidden" name="errorViewName" value="CategoryDisplayView"><input type="hidden" name="SKU_ID" value="7707992"><input type="hidden" name="itemType" value=""><label class="access" for="quantity_650838">Quantity</label>
		        
					<input name="quantity" id="quantity_650838" type="text" size="3" value="1" class="quantity"><input type="hidden" name="catEntryId" value="650839"><input type="hidden" name="productId" value="650838"><input type="hidden" name="URL" value="http://www.sainsburys.co.uk/webapp/wcs/stores/servlet/CategoryDisplay?msg=&amp;langId=44&amp;storeId=10151&amp;krypto=DCnawB4kF1P62vJKWOLl4bTQS8HvnyF3y8AtfXIJZn5ESwdXVzWXj9P3bxxViiVRGtM3Cs4oohJ1OwMiSdYs%2FHY2GfWoCOubKwB9oMlZWYtt2S95pi6owxfpfNkcRIBMQ8A0nci97P2SGzTzV6Fv7DT6ViLruLFXAHjC8cEa8C0%3D&amp;ddkey=http%3Agb%2Fgroceries%2Fdrinks%2Ffruit-flavoured"><input type="hidden" name="page" value=""><input type="hidden" name="contractId" value=""><input type="hidden" name="calculateOrder" value="1"><input type="hidden" name="calculationUsage" value="-1,-2,-3"><input type="hidden" name="updateable" value="1"><input type="hidden" name="merge" value="***"><input type="hidden" name="callAjax" value="false"><input class="button process" type="submit" name="Add" value="Add">
</form>
	<!-- END AddToTrolley.jsp -->
        <div class="numberInTrolley hidden numberInTrolley_650838" id="numberInTrolley_650838">
            
        </div>
    
                                        </div>

                                        <!-- BEGIN CatalogEntryRatingsReviewsInfo.jspf --><!-- productAllowedRatingsAndReviews: true -->
    <div class="reviews">
        
	        <a class="numberOfReviews repressive" href="http://reviews.sainsburys.co.uk//8076-en_gb/7707992-P/writereview.htm?submissionurl=http%3A%2F%2Fwww.sainsburys.co.uk%2Fwebapp%2Fwcs%2Fstores%2Fservlet%2FBVReviewSubmitDisplay%3FcatalogId%3D10120%26storeId%3D10151%26recipe%3D%26langId%3D44%26productId%3D7707992-P&amp;return=http%3A%2F%2Fwww.sainsburys.co.uk%2Fwebapp%2Fwcs%2Fstores%2Fservlet%2FCategoryDisplay%3FpageSize%3D100">
	    Write a review
          	</a>
        
    </div>
<!-- END CatalogEntryRatingsReviewsInfo.jspf -->
                                   </div>
                               <!-- Start AddToSubscriptionList.jspf --><!-- Start AddToSubscriptionList.jsp --><!-- End AddToSubscriptionList.jsp --><!-- End AddToSubscriptionList.jspf -->     
                    </div>
                            
                    
    
    <div class="badges">
        <ul>
<li>

                        
                        
                        <img src="/wcsstore7.20.1.145/SainsburysStorefrontAssetStore/wcassets/icons/ico_spacer.gif" alt="Vegetarian">
</li>
                
                    
                    
                    
                     <li class="lastchild">

                        
                        
                        <img src="/wcsstore7.20.1.145/SainsburysStorefrontAssetStore/wcassets/icons/ico_spacer.gif" alt="Vegan">
</li>
                
        </ul>
</div>

                </div>     
            </div>
            <!--ThumbnailRestriction --><!-- END CatalogEntryThumbnailDisplay.jsp -->
	                            </div>
</li>
	                         

	                            <li class="gridItem" style="min-height: 518px;">
	                                <!-- BEGIN CatalogEntryThumbnailDisplay.jsp --><!-- BEGIN MerchandisingAssociationsDisplay.jsp --><!-- Start - JSP File Name:  MerchandisingAssociationsDisplay.jsp --><!-- END MerchandisingAssociationsDisplay.jsp -->
            <div class="product  highlighted specialOffer straplineRow">
                
                <div class="productInfo">
                    <div class="productNameAndPromotions">
                        
                                  <h3>
                                    <a href="http://www.sainsburys.co.uk/shop/gb/groceries/fruit-flavoured/lilt-pineapple---grapefruit--zero-2l">
                                        Lilt Pineapple &amp; Grapefruit, Zero 2L
                                        <img src="http://c2.sainsburys.co.uk/wcsstore7.20.1.145/ExtendedSitesCatalogAssetStore/images/catalog/productImages/58/5449000024558/5449000024558_L.jpeg" alt=""></a>
                                </h3>
                              
    <div class="promotion">
                   
		            <p><a href="http://www.sainsburys.co.uk/shop/PromotionDisplayView?catalogId=10241&amp;langId=44&amp;productId=103474&amp;storeId=10151&amp;promotionId=10232863"><!-- BEGIN include/PromotionStrapline.jspf -->Only Â£1.00: Save 60p<br><!-- FINISH include/PromotionStrapline.jspf --></a></p>
		                        
    </div>

                    </div> 
                </div>
                
        <div class="strapline"><a href="http://www.sainsburys.co.uk/shop/PromotionDisplayView?catalogId=10241&amp;langId=44&amp;productId=103474&amp;storeId=10151&amp;promotionId=10232863"><img src="/wcsstore7.20.1.145/SainsburysStorefrontAssetStore/wcassets/icons/special/img-special-offer.png" alt="Special Offer"></a></div>
    
                <div class="errorBanner hidden" id="error103475"></div>
                <div class="addToTrolleytabBox">   
                    <!--addToTrolleytabBox GRID VIEW --><!-- Start UserSubscribedOrNot.jspf --><!-- Start UserSubscribedOrNot.jsp --><!-- 
			If the user is not logged in, render this opening 
			DIV adding an addtional class to fix the border top which is removed 
			and replaced by the tabs
		-->
		<div class="addToTrolleytabContainer addItemBorderTop">
	<!-- End AddToSubscriptionList.jsp --><!-- End AddSubscriptionList.jspf --><!-- 
                    ATTENTION!!!
                    <div class="addToTrolleytabContainer">
                    This opening div is inside "../../ReusableObjects/UserSubscribedOrNot.jsp"
                    -->
                    <div class="pricingAndTrolleyOptions">
                    	
                                    <div class="priceTab priceTabContainer activeContainer addItem" id="addItem_103475">
                                       <div class="pricing">
                                           
	<p class="pricePerUnit">
    Â£1.00<abbr title="per">/</abbr><abbr title="unit"><span class="pricePerUnitUnit">unit</span></abbr>
</p>
 
    <p class="pricePerMeasure">Â£0.05<abbr title="per">/</abbr>100<abbr title="millilitre"><span class="pricePerMeasureMeasure">ml</span></abbr>
    </p>

                                       </div>                                      

                                     
                                        <div class="addToTrolleyForm "> 
                                           <!-- BEGIN AddToTrolley.jsp -->

		<form class="addToTrolleyForm" name="OrderItemAddForm_103475" action="OrderItemAdd" method="post" id="OrderItemAddForm_103475">
		    <input type="hidden" name="storeId" value="10151"><input type="hidden" name="langId" value="44"><input type="hidden" name="catalogId" value="10241"><input type="hidden" name="errorViewName" value="CategoryDisplayView"><input type="hidden" name="SKU_ID" value="7546863"><input type="hidden" name="itemType" value=""><label class="access" for="quantity_103474">Quantity</label>
		        
					<input name="quantity" id="quantity_103474" type="text" size="3" value="1" class="quantity"><input type="hidden" name="catEntryId" value="103475"><input type="hidden" name="productId" value="103474"><input type="hidden" name="URL" value="http://www.sainsburys.co.uk/webapp/wcs/stores/servlet/CategoryDisplay?msg=&amp;langId=44&amp;storeId=10151&amp;krypto=DCnawB4kF1P62vJKWOLl4bTQS8HvnyF3y8AtfXIJZn5ESwdXVzWXj9P3bxxViiVRGtM3Cs4oohJ1OwMiSdYs%2FHY2GfWoCOubKwB9oMlZWYtt2S95pi6owxfpfNkcRIBMQ8A0nci97P2SGzTzV6Fv7DT6ViLruLFXAHjC8cEa8C0%3D&amp;ddkey=http%3Agb%2Fgroceries%2Fdrinks%2Ffruit-flavoured"><input type="hidden" name="page" value=""><input type="hidden" name="contractId" value=""><input type="hidden" name="calculateOrder" value="1"><input type="hidden" name="calculationUsage" value="-1,-2,-3"><input type="hidden" name="updateable" value="1"><input type="hidden" name="merge" value="***"><input type="hidden" name="callAjax" value="false"><input class="button process" type="submit" name="Add" value="Add">
</form>
	<!-- END AddToTrolley.jsp -->
        <div class="numberInTrolley hidden numberInTrolley_103474" id="numberInTrolley_103474">
            
        </div>
    
                                        </div>

                                        <!-- BEGIN CatalogEntryRatingsReviewsInfo.jspf --><!-- productAllowedRatingsAndReviews: true -->
    <div class="reviews">
        
            <a class="numberOfReviews" href="http://www.sainsburys.co.uk/shop/gb/groceries/fruit-flavoured/lilt-pineapple---grapefruit--zero-2l#reviews">
                <img src="http://c2.sainsburys.co.uk/wcsstore7.20.1.145/SainsburysStorefrontAssetStore/img/stars/rating-5_0.gif" alt="5.0" border="0">Â  
                Reviews (1)
            </a>
        
    </div>
<!-- END CatalogEntryRatingsReviewsInfo.jspf -->
                                   </div>
                               <!-- Start AddToSubscriptionList.jspf --><!-- Start AddToSubscriptionList.jsp --><!-- End AddToSubscriptionList.jsp --><!-- End AddToSubscriptionList.jspf -->     
                    </div>
                            
                    
                </div>     
            </div>
            <!--ThumbnailRestriction --><!-- END CatalogEntryThumbnailDisplay.jsp -->
	                            </div>
</li>
	                         

	                            <li class="gridItem" style="min-height: 518px;">
	                                <!-- BEGIN CatalogEntryThumbnailDisplay.jsp --><!-- BEGIN MerchandisingAssociationsDisplay.jsp --><!-- Start - JSP File Name:  MerchandisingAssociationsDisplay.jsp --><!-- END MerchandisingAssociationsDisplay.jsp -->
            <div class="product  straplineRow">
                
                <div class="productInfo">
                    <div class="productNameAndPromotions">
                        
                                  <h3>
                                    <a href="http://www.sainsburys.co.uk/shop/gb/groceries/fruit-flavoured/dr-pepper-500ml">
                                        Dr Pepper 500ml
                                        <img src="http://c2.sainsburys.co.uk/wcsstore7.20.1.145/ExtendedSitesCatalogAssetStore/images/catalog/productImages/59/5000193034559/5000193034559_L.jpeg" alt=""></a>
                                </h3>
                              
                    </div> 
                </div>
                
                <div class="errorBanner hidden" id="error39199"></div>
                <div class="addToTrolleytabBox">   
                    <!--addToTrolleytabBox GRID VIEW --><!-- Start UserSubscribedOrNot.jspf --><!-- Start UserSubscribedOrNot.jsp --><!-- 
			If the user is not logged in, render this opening 
			DIV adding an addtional class to fix the border top which is removed 
			and replaced by the tabs
		-->
		<div class="addToTrolleytabContainer addItemBorderTop">
	<!-- End AddToSubscriptionList.jsp --><!-- End AddSubscriptionList.jspf --><!-- 
                    ATTENTION!!!
                    <div class="addToTrolleytabContainer">
                    This opening div is inside "../../ReusableObjects/UserSubscribedOrNot.jsp"
                    -->
                    <div class="pricingAndTrolleyOptions">
                    	
                                    <div class="priceTab priceTabContainer activeContainer addItem" id="addItem_39199">
                                       <div class="pricing">
                                           
	<p class="pricePerUnit">
    Â£1.30<abbr title="per">/</abbr><abbr title="unit"><span class="pricePerUnitUnit">unit</span></abbr>
</p>
 
    <p class="pricePerMeasure">Â£0.26<abbr title="per">/</abbr>100<abbr title="millilitre"><span class="pricePerMeasureMeasure">ml</span></abbr>
    </p>

                                       </div>                                      

                                     
                                        <div class="addToTrolleyForm "> 
                                           <!-- BEGIN AddToTrolley.jsp -->

		<form class="addToTrolleyForm" name="OrderItemAddForm_39199" action="OrderItemAdd" method="post" id="OrderItemAddForm_39199">
		    <input type="hidden" name="storeId" value="10151"><input type="hidden" name="langId" value="44"><input type="hidden" name="catalogId" value="10241"><input type="hidden" name="errorViewName" value="CategoryDisplayView"><input type="hidden" name="SKU_ID" value="3300527"><input type="hidden" name="itemType" value=""><label class="access" for="quantity_39198">Quantity</label>
		        
					<input name="quantity" id="quantity_39198" type="text" size="3" value="1" class="quantity"><input type="hidden" name="catEntryId" value="39199"><input type="hidden" name="productId" value="39198"><input type="hidden" name="URL" value="http://www.sainsburys.co.uk/webapp/wcs/stores/servlet/CategoryDisplay?msg=&amp;langId=44&amp;storeId=10151&amp;krypto=DCnawB4kF1P62vJKWOLl4bTQS8HvnyF3y8AtfXIJZn5ESwdXVzWXj9P3bxxViiVRGtM3Cs4oohJ1OwMiSdYs%2FHY2GfWoCOubKwB9oMlZWYtt2S95pi6owxfpfNkcRIBMQ8A0nci97P2SGzTzV6Fv7DT6ViLruLFXAHjC8cEa8C0%3D&amp;ddkey=http%3Agb%2Fgroceries%2Fdrinks%2Ffruit-flavoured"><input type="hidden" name="page" value=""><input type="hidden" name="contractId" value=""><input type="hidden" name="calculateOrder" value="1"><input type="hidden" name="calculationUsage" value="-1,-2,-3"><input type="hidden" name="updateable" value="1"><input type="hidden" name="merge" value="***"><input type="hidden" name="callAjax" value="false"><input class="button process" type="submit" name="Add" value="Add">
</form>
	<!-- END AddToTrolley.jsp -->
        <div class="numberInTrolley hidden numberInTrolley_39198" id="numberInTrolley_39198">
            
        </div>
    
                                        </div>

                                        <!-- BEGIN CatalogEntryRatingsReviewsInfo.jspf --><!-- productAllowedRatingsAndReviews: true -->
    <div class="reviews">
        
	        <a class="numberOfReviews repressive" href="http://reviews.sainsburys.co.uk//8076-en_gb/3300527-P/writereview.htm?submissionurl=http%3A%2F%2Fwww.sainsburys.co.uk%2Fwebapp%2Fwcs%2Fstores%2Fservlet%2FBVReviewSubmitDisplay%3FcatalogId%3D10095%26storeId%3D10151%26recipe%3D%26langId%3D44%26productId%3D3300527-P&amp;return=http%3A%2F%2Fwww.sainsburys.co.uk%2Fwebapp%2Fwcs%2Fstores%2Fservlet%2FFavouritesBySingleListDisplay%3FpageSize%3D30%26searchTerm%3D%26catalogId%3D10095%26orderBy%3DFAVOURITES_RANK%26top_category%3D%26parent_category_rn%3D%26listId%3D%26categoryId%3D%26langId%3D44%26beginIndex%3D330%26storeId%3D10151%26promotionId%3D">
	    Write a review
          	</a>
        
    </div>
<!-- END CatalogEntryRatingsReviewsInfo.jspf -->
                                   </div>
                               <!-- Start AddToSubscriptionList.jspf --><!-- Start AddToSubscriptionList.jsp --><!-- End AddToSubscriptionList.jsp --><!-- End AddToSubscriptionList.jspf -->     
                    </div>
                            
                    
                </div>     
            </div>
            <!--ThumbnailRestriction --><!-- END CatalogEntryThumbnailDisplay.jsp -->
	                            </div>
</li>
	                         

	                            <li class="gridItem" style="min-height: 448px;">
	                                <!-- BEGIN CatalogEntryThumbnailDisplay.jsp --><!-- BEGIN MerchandisingAssociationsDisplay.jsp --><!-- Start - JSP File Name:  MerchandisingAssociationsDisplay.jsp --><!-- END MerchandisingAssociationsDisplay.jsp -->
            <div class="product  straplineRow">
                
                <div class="productInfo">
                    <div class="productNameAndPromotions">
                        
                                  <h3>
                                    <a href="http://www.sainsburys.co.uk/shop/gb/groceries/fruit-flavoured/shloer-light-white-grape-sparkling-juice-drink-750ml">
                                        Shloer Light White Grape Sparkling Juice Drink 750ml
                                        <img src="http://c2.sainsburys.co.uk/wcsstore7.20.1.145/ExtendedSitesCatalogAssetStore/images/catalog/productImages/75/5010388202175/5010388202175_L.jpeg" alt=""></a>
                                </h3>
                              
                    </div> 
                </div>
                
                <div class="errorBanner hidden" id="error930997"></div>
                <div class="addToTrolleytabBox">   
                    <!--addToTrolleytabBox GRID VIEW --><!-- Start UserSubscribedOrNot.jspf --><!-- Start UserSubscribedOrNot.jsp --><!-- 
			If the user is not logged in, render this opening 
			DIV adding an addtional class to fix the border top which is removed 
			and replaced by the tabs
		-->
		<div class="addToTrolleytabContainer addItemBorderTop">
	<!-- End AddToSubscriptionList.jsp --><!-- End AddSubscriptionList.jspf --><!-- 
                    ATTENTION!!!
                    <div class="addToTrolleytabContainer">
                    This opening div is inside "../../ReusableObjects/UserSubscribedOrNot.jsp"
                    -->
                    <div class="pricingAndTrolleyOptions">
                    	
                                    <div class="priceTab priceTabContainer activeContainer addItem" id="addItem_930997">
                                       <div class="pricing">
                                           
	<p class="pricePerUnit">
    Â£2.00<abbr title="per">/</abbr><abbr title="unit"><span class="pricePerUnitUnit">unit</span></abbr>
</p>
 
    <p class="pricePerMeasure">Â£0.27<abbr title="per">/</abbr>100<abbr title="millilitre"><span class="pricePerMeasureMeasure">ml</span></abbr>
    </p>

                                       </div>                                      

                                     
                                        <div class="addToTrolleyForm "> 
                                           <!-- BEGIN AddToTrolley.jsp -->

		<form class="addToTrolleyForm" name="OrderItemAddForm_930997" action="OrderItemAdd" method="post" id="OrderItemAddForm_930997">
		    <input type="hidden" name="storeId" value="10151"><input type="hidden" name="langId" value="44"><input type="hidden" name="catalogId" value="10241"><input type="hidden" name="errorViewName" value="CategoryDisplayView"><input type="hidden" name="SKU_ID" value="7761733"><input type="hidden" name="itemType" value=""><label class="access" for="quantity_930996">Quantity</label>
		        
					<input name="quantity" id="quantity_930996" type="text" size="3" value="1" class="quantity"><input type="hidden" name="catEntryId" value="930997"><input type="hidden" name="productId" value="930996"><input type="hidden" name="URL" value="http://www.sainsburys.co.uk/webapp/wcs/stores/servlet/CategoryDisplay?msg=&amp;langId=44&amp;storeId=10151&amp;krypto=DCnawB4kF1P62vJKWOLl4bTQS8HvnyF3y8AtfXIJZn5ESwdXVzWXj9P3bxxViiVRGtM3Cs4oohJ1OwMiSdYs%2FHY2GfWoCOubKwB9oMlZWYtt2S95pi6owxfpfNkcRIBMQ8A0nci97P2SGzTzV6Fv7DT6ViLruLFXAHjC8cEa8C0%3D&amp;ddkey=http%3Agb%2Fgroceries%2Fdrinks%2Ffruit-flavoured"><input type="hidden" name="page" value=""><input type="hidden" name="contractId" value=""><input type="hidden" name="calculateOrder" value="1"><input type="hidden" name="calculationUsage" value="-1,-2,-3"><input type="hidden" name="updateable" value="1"><input type="hidden" name="merge" value="***"><input type="hidden" name="callAjax" value="false"><input class="button process" type="submit" name="Add" value="Add">
</form>
	<!-- END AddToTrolley.jsp -->
        <div class="numberInTrolley hidden numberInTrolley_930996" id="numberInTrolley_930996">
            
        </div>
    
                                        </div>

                                        <!-- BEGIN CatalogEntryRatingsReviewsInfo.jspf --><!-- productAllowedRatingsAndReviews: true -->
    <div class="reviews">
        
            <a class="numberOfReviews" href="http://www.sainsburys.co.uk/shop/gb/groceries/fruit-flavoured/shloer-light-white-grape-sparkling-juice-drink-750ml#reviews">
                <img src="http://c2.sainsburys.co.uk/wcsstore7.20.1.145/SainsburysStorefrontAssetStore/img/stars/rating-5_0.gif" alt="5.0" border="0">Â  
                Reviews (2)
            </a>
        
    </div>
<!-- END CatalogEntryRatingsReviewsInfo.jspf -->
                                   </div>
                               <!-- Start AddToSubscriptionList.jspf --><!-- Start AddToSubscriptionList.jsp --><!-- End AddToSubscriptionList.jsp --><!-- End AddToSubscriptionList.jspf -->     
                    </div>
                            
                    
                </div>     
            </div>
            <!--ThumbnailRestriction --><!-- END CatalogEntryThumbnailDisplay.jsp -->
	                            </div>
</li>
	                         

	                            <li class="gridItem" style="min-height: 448px;">
	                                <!-- BEGIN CatalogEntryThumbnailDisplay.jsp --><!-- BEGIN MerchandisingAssociationsDisplay.jsp --><!-- Start - JSP File Name:  MerchandisingAssociationsDisplay.jsp --><!-- END MerchandisingAssociationsDisplay.jsp -->
            <div class="product  straplineRow">
                
                <div class="productInfo">
                    <div class="productNameAndPromotions">
                        
                                  <h3>
                                    <a href="http://www.sainsburys.co.uk/shop/gb/groceries/fruit-flavoured/mountain-dew-energy-1l">
                                        Mountain Dew 1L
                                        <img src="http://c2.sainsburys.co.uk/wcsstore7.20.1.145/ExtendedSitesCatalogAssetStore/images/catalog/productImages/02/4060800166302/4060800166302_L.jpeg" alt=""></a>
                                </h3>
                              
                    </div> 
                </div>
                
                <div class="errorBanner hidden" id="error98917"></div>
                <div class="addToTrolleytabBox">   
                    <!--addToTrolleytabBox GRID VIEW --><!-- Start UserSubscribedOrNot.jspf --><!-- Start UserSubscribedOrNot.jsp --><!-- 
			If the user is not logged in, render this opening 
			DIV adding an addtional class to fix the border top which is removed 
			and replaced by the tabs
		-->
		<div class="addToTrolleytabContainer addItemBorderTop">
	<!-- End AddToSubscriptionList.jsp --><!-- End AddSubscriptionList.jspf --><!-- 
                    ATTENTION!!!
                    <div class="addToTrolleytabContainer">
                    This opening div is inside "../../ReusableObjects/UserSubscribedOrNot.jsp"
                    -->
                    <div class="pricingAndTrolleyOptions">
                    	
                                    <div class="priceTab priceTabContainer activeContainer addItem" id="addItem_98917">
                                       <div class="pricing">
                                           
	<p class="pricePerUnit">
    Â£1.50<abbr title="per">/</abbr><abbr title="unit"><span class="pricePerUnitUnit">unit</span></abbr>
</p>
 
    <p class="pricePerMeasure">Â£0.15<abbr title="per">/</abbr>100<abbr title="millilitre"><span class="pricePerMeasureMeasure">ml</span></abbr>
    </p>

                                       </div>                                      

                                     
                                        <div class="addToTrolleyForm "> 
                                           <!-- BEGIN AddToTrolley.jsp -->

		<form class="addToTrolleyForm" name="OrderItemAddForm_98917" action="OrderItemAdd" method="post" id="OrderItemAddForm_98917">
		    <input type="hidden" name="storeId" value="10151"><input type="hidden" name="langId" value="44"><input type="hidden" name="catalogId" value="10241"><input type="hidden" name="errorViewName" value="CategoryDisplayView"><input type="hidden" name="SKU_ID" value="7425877"><input type="hidden" name="itemType" value=""><label class="access" for="quantity_98916">Quantity</label>
		        
					<input name="quantity" id="quantity_98916" type="text" size="3" value="1" class="quantity"><input type="hidden" name="catEntryId" value="98917"><input type="hidden" name="productId" value="98916"><input type="hidden" name="URL" value="http://www.sainsburys.co.uk/webapp/wcs/stores/servlet/CategoryDisplay?msg=&amp;langId=44&amp;storeId=10151&amp;krypto=DCnawB4kF1P62vJKWOLl4bTQS8HvnyF3y8AtfXIJZn5ESwdXVzWXj9P3bxxViiVRGtM3Cs4oohJ1OwMiSdYs%2FHY2GfWoCOubKwB9oMlZWYtt2S95pi6owxfpfNkcRIBMQ8A0nci97P2SGzTzV6Fv7DT6ViLruLFXAHjC8cEa8C0%3D&amp;ddkey=http%3Agb%2Fgroceries%2Fdrinks%2Ffruit-flavoured"><input type="hidden" name="page" value=""><input type="hidden" name="contractId" value=""><input type="hidden" name="calculateOrder" value="1"><input type="hidden" name="calculationUsage" value="-1,-2,-3"><input type="hidden" name="updateable" value="1"><input type="hidden" name="merge" value="***"><input type="hidden" name="callAjax" value="false"><input class="button process" type="submit" name="Add" value="Add">
</form>
	<!-- END AddToTrolley.jsp -->
        <div class="numberInTrolley hidden numberInTrolley_98916" id="numberInTrolley_98916">
            
        </div>
    
                                        </div>

                                        <!-- BEGIN CatalogEntryRatingsReviewsInfo.jspf --><!-- productAllowedRatingsAndReviews: true -->
    <div class="reviews">
        
	        <a class="numberOfReviews repressive" href="http://reviews.sainsburys.co.uk//8076-en_gb/7425877-P/writereview.htm?submissionurl=http%3A%2F%2Fwww.sainsburys.co.uk%2Fwebapp%2Fwcs%2Fstores%2Fservlet%2FBVReviewSubmitDisplay%3FcatalogId%3D10120%26storeId%3D10151%26recipe%3D%26langId%3D44%26productId%3D7425877-P&amp;return=http%3A%2F%2Fwww.sainsburys.co.uk%2Fwebapp%2Fwcs%2Fstores%2Fservlet%2FCategoryDisplay%3FpageSize%3D100">
	    Write a review
          	</a>
        
    </div>
<!-- END CatalogEntryRatingsReviewsInfo.jspf -->
                                   </div>
                               <!-- Start AddToSubscriptionList.jspf --><!-- Start AddToSubscriptionList.jsp --><!-- End AddToSubscriptionList.jsp --><!-- End AddToSubscriptionList.jspf -->     
                    </div>
                            
                    
                </div>     
            </div>
            <!--ThumbnailRestriction --><!-- END CatalogEntryThumbnailDisplay.jsp -->
	                            </div>
</li>
	                         

	                            <li class="gridItem" style="min-height: 448px;">
	                                <!-- BEGIN CatalogEntryThumbnailDisplay.jsp --><!-- BEGIN MerchandisingAssociationsDisplay.jsp --><!-- Start - JSP File Name:  MerchandisingAssociationsDisplay.jsp --><!-- END MerchandisingAssociationsDisplay.jsp -->
            <div class="product  highlighted specialOffer straplineRow">
                
                <div class="productInfo">
                    <div class="productNameAndPromotions">
                        
                                  <h3>
                                    <a href="http://www.sainsburys.co.uk/shop/gb/groceries/fruit-flavoured/lucozade-energy-pink-lemonade--limited-edition-1l">
                                        Lucozade Energy Pink Lemonade 1L
                                        <img src="http://c2.sainsburys.co.uk/wcsstore7.20.1.145/ExtendedSitesCatalogAssetStore/images/catalog/productImages/65/5054267000865/5054267000865_L.jpeg" alt=""></a>
                                </h3>
                              
    <div class="promotion">
                   
		            <p><a href="http://www.sainsburys.co.uk/shop/PromotionDisplayView?catalogId=10241&amp;langId=44&amp;productId=53710&amp;storeId=10151&amp;promotionId=10232919"><!-- BEGIN include/PromotionStrapline.jspf -->Only Â£1.00: Save 50p<br><!-- FINISH include/PromotionStrapline.jspf --></a></p>
		                        
    </div>

                    </div> 
                </div>
                
        <div class="strapline"><a href="http://www.sainsburys.co.uk/shop/PromotionDisplayView?catalogId=10241&amp;langId=44&amp;productId=53710&amp;storeId=10151&amp;promotionId=10232919"><img src="/wcsstore7.20.1.145/SainsburysStorefrontAssetStore/wcassets/icons/special/img-special-offer.png" alt="Special Offer"></a></div>
    
                <div class="errorBanner hidden" id="error53711"></div>
                <div class="addToTrolleytabBox">   
                    <!--addToTrolleytabBox GRID VIEW --><!-- Start UserSubscribedOrNot.jspf --><!-- Start UserSubscribedOrNot.jsp --><!-- 
			If the user is not logged in, render this opening 
			DIV adding an addtional class to fix the border top which is removed 
			and replaced by the tabs
		-->
		<div class="addToTrolleytabContainer addItemBorderTop">
	<!-- End AddToSubscriptionList.jsp --><!-- End AddSubscriptionList.jspf --><!-- 
                    ATTENTION!!!
                    <div class="addToTrolleytabContainer">
                    This opening div is inside "../../ReusableObjects/UserSubscribedOrNot.jsp"
                    -->
                    <div class="pricingAndTrolleyOptions">
                    	
                                    <div class="priceTab priceTabContainer activeContainer addItem" id="addItem_53711">
                                       <div class="pricing">
                                           
	<p class="pricePerUnit">
    Â£1.00<abbr title="per">/</abbr><abbr title="unit"><span class="pricePerUnitUnit">unit</span></abbr>
</p>
 
    <p class="pricePerMeasure">Â£0.10<abbr title="per">/</abbr>100<abbr title="millilitre"><span class="pricePerMeasureMeasure">ml</span></abbr>
    </p>

                                       </div>                                      

                                     
                                        <div class="addToTrolleyForm "> 
                                           <!-- BEGIN AddToTrolley.jsp -->

		<form class="addToTrolleyForm" name="OrderItemAddForm_53711" action="OrderItemAdd" method="post" id="OrderItemAddForm_53711">
		    <input type="hidden" name="storeId" value="10151"><input type="hidden" name="langId" value="44"><input type="hidden" name="catalogId" value="10241"><input type="hidden" name="errorViewName" value="CategoryDisplayView"><input type="hidden" name="SKU_ID" value="7547220"><input type="hidden" name="itemType" value=""><label class="access" for="quantity_53710">Quantity</label>
		        
					<input name="quantity" id="quantity_53710" type="text" size="3" value="1" class="quantity"><input type="hidden" name="catEntryId" value="53711"><input type="hidden" name="productId" value="53710"><input type="hidden" name="URL" value="http://www.sainsburys.co.uk/webapp/wcs/stores/servlet/CategoryDisplay?msg=&amp;langId=44&amp;storeId=10151&amp;krypto=DCnawB4kF1P62vJKWOLl4bTQS8HvnyF3y8AtfXIJZn5ESwdXVzWXj9P3bxxViiVRGtM3Cs4oohJ1OwMiSdYs%2FHY2GfWoCOubKwB9oMlZWYtt2S95pi6owxfpfNkcRIBMQ8A0nci97P2SGzTzV6Fv7DT6ViLruLFXAHjC8cEa8C0%3D&amp;ddkey=http%3Agb%2Fgroceries%2Fdrinks%2Ffruit-flavoured"><input type="hidden" name="page" value=""><input type="hidden" name="contractId" value=""><input type="hidden" name="calculateOrder" value="1"><input type="hidden" name="calculationUsage" value="-1,-2,-3"><input type="hidden" name="updateable" value="1"><input type="hidden" name="merge" value="***"><input type="hidden" name="callAjax" value="false"><input class="button process" type="submit" name="Add" value="Add">
</form>
	<!-- END AddToTrolley.jsp -->
        <div class="numberInTrolley hidden numberInTrolley_53710" id="numberInTrolley_53710">
            
        </div>
    
                                        </div>

                                        <!-- BEGIN CatalogEntryRatingsReviewsInfo.jspf --><!-- productAllowedRatingsAndReviews: true -->
    <div class="reviews">
        
	        <a class="numberOfReviews repressive" href="http://reviews.sainsburys.co.uk//8076-en_gb/7547220-P/writereview.htm?submissionurl=http%3A%2F%2Fwww.sainsburys.co.uk%2Fwebapp%2Fwcs%2Fstores%2Fservlet%2FBVReviewSubmitDisplay%3FcatalogId%3D10241%26storeId%3D10151%26recipe%3D%26langId%3D44%26productId%3D7547220-P&amp;return=http%3A%2F%2Fwww.sainsburys.co.uk%2Fwebapp%2Fwcs%2Fstores%2Fservlet%2FAjaxApplyFilterBrowseView%3FlangId%3D44%26storeId%3D10151%26catalogId%3D10241%26categoryId%3D12392%26parent_category_rn%3D12192%26top_category%3D12192%26pageSize%3D30%26orderBy%3DFAVOURITES_ONLY%257CTOP_SELLERS%26searchTerm%3D%26beginIndex%3D0%26facet%3D88%26requesttype%3Dajax">
	    Write a review
          	</a>
        
    </div>
<!-- END CatalogEntryRatingsReviewsInfo.jspf -->
                                   </div>
                               <!-- Start AddToSubscriptionList.jspf --><!-- Start AddToSubscriptionList.jsp --><!-- End AddToSubscriptionList.jsp --><!-- End AddToSubscriptionList.jspf -->     
                    </div>
                            
                    
                </div>     
            </div>
            <!--ThumbnailRestriction --><!-- END CatalogEntryThumbnailDisplay.jsp -->
	                            </div>
</li>
	                         

	                            <li class="gridItem" style="min-height: 406px;">
	                                <!-- BEGIN CatalogEntryThumbnailDisplay.jsp --><!-- BEGIN MerchandisingAssociationsDisplay.jsp --><!-- Start - JSP File Name:  MerchandisingAssociationsDisplay.jsp --><!-- END MerchandisingAssociationsDisplay.jsp -->
            <div class="product ">
                
                <div class="productInfo">
                    <div class="productNameAndPromotions">
                        
                                  <h3>
                                    <a href="http://www.sainsburys.co.uk/shop/gb/groceries/fruit-flavoured/old-jamaica-ginger-beer-extra-fiery-330ml">
                                        Old Jamaica Ginger Beer Extra Fiery 330ml
                                        <img src="http://c2.sainsburys.co.uk/wcsstore7.20.1.145/ExtendedSitesCatalogAssetStore/images/catalog/productImages/71/5000177470571/5000177470571_L.jpeg" alt=""></a>
                                </h3>
                              
                    </div> 
                </div>
                
                <div class="errorBanner hidden" id="error657507"></div>
                <div class="addToTrolleytabBox">   
                    <!--addToTrolleytabBox GRID VIEW --><!-- Start UserSubscribedOrNot.jspf --><!-- Start UserSubscribedOrNot.jsp --><!-- 
			If the user is not logged in, render this opening 
			DIV adding an addtional class to fix the border top which is removed 
			and replaced by the tabs
		-->
		<div class="addToTrolleytabContainer addItemBorderTop">
	<!-- End AddToSubscriptionList.jsp --><!-- End AddSubscriptionList.jspf --><!-- 
                    ATTENTION!!!
                    <div class="addToTrolleytabContainer">
                    This opening div is inside "../../ReusableObjects/UserSubscribedOrNot.jsp"
                    -->
                    <div class="pricingAndTrolleyOptions">
                    	
                                    <div class="priceTab priceTabContainer activeContainer addItem" id="addItem_657507">
                                       <div class="pricing">
                                           
	<p class="pricePerUnit">
    Â£0.45<abbr title="per">/</abbr><abbr title="unit"><span class="pricePerUnitUnit">unit</span></abbr>
</p>
 
    <p class="pricePerMeasure">Â£0.14<abbr title="per">/</abbr>100<abbr title="millilitre"><span class="pricePerMeasureMeasure">ml</span></abbr>
    </p>

                                       </div>                                      

                                     
                                        <div class="addToTrolleyForm "> 
                                           <!-- BEGIN AddToTrolley.jsp -->

		<form class="addToTrolleyForm" name="OrderItemAddForm_657507" action="OrderItemAdd" method="post" id="OrderItemAddForm_657507">
		    <input type="hidden" name="storeId" value="10151"><input type="hidden" name="langId" value="44"><input type="hidden" name="catalogId" value="10241"><input type="hidden" name="errorViewName" value="CategoryDisplayView"><input type="hidden" name="SKU_ID" value="7711269"><input type="hidden" name="itemType" value=""><label class="access" for="quantity_657506">Quantity</label>
		        
					<input name="quantity" id="quantity_657506" type="text" size="3" value="1" class="quantity"><input type="hidden" name="catEntryId" value="657507"><input type="hidden" name="productId" value="657506"><input type="hidden" name="URL" value="http://www.sainsburys.co.uk/webapp/wcs/stores/servlet/CategoryDisplay?msg=&amp;langId=44&amp;storeId=10151&amp;krypto=DCnawB4kF1P62vJKWOLl4bTQS8HvnyF3y8AtfXIJZn5ESwdXVzWXj9P3bxxViiVRGtM3Cs4oohJ1OwMiSdYs%2FHY2GfWoCOubKwB9oMlZWYtt2S95pi6owxfpfNkcRIBMQ8A0nci97P2SGzTzV6Fv7DT6ViLruLFXAHjC8cEa8C0%3D&amp;ddkey=http%3Agb%2Fgroceries%2Fdrinks%2Ffruit-flavoured"><input type="hidden" name="page" value=""><input type="hidden" name="contractId" value=""><input type="hidden" name="calculateOrder" value="1"><input type="hidden" name="calculationUsage" value="-1,-2,-3"><input type="hidden" name="updateable" value="1"><input type="hidden" name="merge" value="***"><input type="hidden" name="callAjax" value="false"><input class="button process" type="submit" name="Add" value="Add">
</form>
	<!-- END AddToTrolley.jsp -->
        <div class="numberInTrolley hidden numberInTrolley_657506" id="numberInTrolley_657506">
            
        </div>
    
                                        </div>

                                        <!-- BEGIN CatalogEntryRatingsReviewsInfo.jspf --><!-- productAllowedRatingsAndReviews: true -->
    <div class="reviews">
        
            <a class="numberOfReviews" href="http://www.sainsburys.co.uk/shop/gb/groceries/fruit-flavoured/old-jamaica-ginger-beer-extra-fiery-330ml#reviews">
                <img src="http://c2.sainsburys.co.uk/wcsstore7.20.1.145/SainsburysStorefrontAssetStore/img/stars/rating-5_0.gif" alt="5.0" border="0">Â  
                Reviews (2)
            </a>
        
    </div>
<!-- END CatalogEntryRatingsReviewsInfo.jspf -->
                                   </div>
                               <!-- Start AddToSubscriptionList.jspf --><!-- Start AddToSubscriptionList.jsp --><!-- End AddToSubscriptionList.jsp --><!-- End AddToSubscriptionList.jspf -->     
                    </div>
                            
                    
                </div>     
            </div>
            <!--ThumbnailRestriction --><!-- END CatalogEntryThumbnailDisplay.jsp -->
	                            </div>
</li>
	                         

	                            <li class="gridItem" style="min-height: 406px;">
	                                <!-- BEGIN CatalogEntryThumbnailDisplay.jsp --><!-- BEGIN MerchandisingAssociationsDisplay.jsp --><!-- Start - JSP File Name:  MerchandisingAssociationsDisplay.jsp --><!-- END MerchandisingAssociationsDisplay.jsp -->
            <div class="product ">
                
                <div class="productInfo">
                    <div class="productNameAndPromotions">
                        
                                  <h3>
                                    <a href="http://www.sainsburys.co.uk/shop/gb/groceries/fruit-flavoured/irn-bru-sugar-free-4x330ml-7752700-p-44">
                                        Irn-Bru Sugar Free 4x330ml
                                        <img src="http://c2.sainsburys.co.uk/wcsstore7.20.1.145/ExtendedSitesCatalogAssetStore/images/catalog/productImages/45/5000382042945/5000382042945_L.jpeg" alt=""></a>
                                </h3>
                              
                    </div> 
                </div>
                
                <div class="errorBanner hidden" id="error887959"></div>
                <div class="addToTrolleytabBox">   
                    <!--addToTrolleytabBox GRID VIEW --><!-- Start UserSubscribedOrNot.jspf --><!-- Start UserSubscribedOrNot.jsp --><!-- 
			If the user is not logged in, render this opening 
			DIV adding an addtional class to fix the border top which is removed 
			and replaced by the tabs
		-->
		<div class="addToTrolleytabContainer addItemBorderTop">
	<!-- End AddToSubscriptionList.jsp --><!-- End AddSubscriptionList.jspf --><!-- 
                    ATTENTION!!!
                    <div class="addToTrolleytabContainer">
                    This opening div is inside "../../ReusableObjects/UserSubscribedOrNot.jsp"
                    -->
                    <div class="pricingAndTrolleyOptions">
                    	
                                    <div class="priceTab priceTabContainer activeContainer addItem" id="addItem_887959">
                                       <div class="pricing">
                                           
	<p class="pricePerUnit">
    Â£2.00<abbr title="per">/</abbr><abbr title="unit"><span class="pricePerUnitUnit">unit</span></abbr>
</p>
 
    <p class="pricePerMeasure">Â£0.14<abbr title="per">/</abbr>100<abbr title="millilitre"><span class="pricePerMeasureMeasure">ml</span></abbr>
    </p>

                                       </div>                                      

                                     
                                        <div class="addToTrolleyForm "> 
                                           <!-- BEGIN AddToTrolley.jsp -->

		<form class="addToTrolleyForm" name="OrderItemAddForm_887959" action="OrderItemAdd" method="post" id="OrderItemAddForm_887959">
		    <input type="hidden" name="storeId" value="10151"><input type="hidden" name="langId" value="44"><input type="hidden" name="catalogId" value="10241"><input type="hidden" name="errorViewName" value="CategoryDisplayView"><input type="hidden" name="SKU_ID" value="7752700"><input type="hidden" name="itemType" value=""><label class="access" for="quantity_887958">Quantity</label>
		        
					<input name="quantity" id="quantity_887958" type="text" size="3" value="1" class="quantity"><input type="hidden" name="catEntryId" value="887959"><input type="hidden" name="productId" value="887958"><input type="hidden" name="URL" value="http://www.sainsburys.co.uk/webapp/wcs/stores/servlet/CategoryDisplay?msg=&amp;langId=44&amp;storeId=10151&amp;krypto=DCnawB4kF1P62vJKWOLl4bTQS8HvnyF3y8AtfXIJZn5ESwdXVzWXj9P3bxxViiVRGtM3Cs4oohJ1OwMiSdYs%2FHY2GfWoCOubKwB9oMlZWYtt2S95pi6owxfpfNkcRIBMQ8A0nci97P2SGzTzV6Fv7DT6ViLruLFXAHjC8cEa8C0%3D&amp;ddkey=http%3Agb%2Fgroceries%2Fdrinks%2Ffruit-flavoured"><input type="hidden" name="page" value=""><input type="hidden" name="contractId" value=""><input type="hidden" name="calculateOrder" value="1"><input type="hidden" name="calculationUsage" value="-1,-2,-3"><input type="hidden" name="updateable" value="1"><input type="hidden" name="merge" value="***"><input type="hidden" name="callAjax" value="false"><input class="button process" type="submit" name="Add" value="Add">
</form>
	<!-- END AddToTrolley.jsp -->
        <div class="numberInTrolley hidden numberInTrolley_887958" id="numberInTrolley_887958">
            
        </div>
    
                                        </div>

                                        <!-- BEGIN CatalogEntryRatingsReviewsInfo.jspf --><!-- productAllowedRatingsAndReviews: true -->
    <div class="reviews">
        
	        <a class="numberOfReviews repressive" href="http://reviews.sainsburys.co.uk//8076-en_gb/7752700-P/writereview.htm?submissionurl=http%3A%2F%2Fwww.sainsburys.co.uk%2Fwebapp%2Fwcs%2Fstores%2Fservlet%2FBVReviewSubmitDisplay%3FcatalogId%3D10143%26storeId%3D10151%26recipe%3D%26langId%3D44%26productId%3D7752700-P&amp;return=http%3A%2F%2Fwww.sainsburys.co.uk%2Fwebapp%2Fwcs%2Fstores%2Fservlet%2FCategoryDisplay%3FpageSize%3D100">
	    Write a review
          	</a>
        
    </div>
<!-- END CatalogEntryRatingsReviewsInfo.jspf -->
                                   </div>
                               <!-- Start AddToSubscriptionList.jspf --><!-- Start AddToSubscriptionList.jsp --><!-- End AddToSubscriptionList.jsp --><!-- End AddToSubscriptionList.jspf -->     
                    </div>
                            
                    
                </div>     
            </div>
            <!--ThumbnailRestriction --><!-- END CatalogEntryThumbnailDisplay.jsp -->
	                            </div>
</li>
	                         

	                            <li class="gridItem" style="min-height: 406px;">
	                                <!-- BEGIN CatalogEntryThumbnailDisplay.jsp --><!-- BEGIN MerchandisingAssociationsDisplay.jsp --><!-- Start - JSP File Name:  MerchandisingAssociationsDisplay.jsp --><!-- END MerchandisingAssociationsDisplay.jsp -->
            <div class="product ">
                
                <div class="productInfo">
                    <div class="productNameAndPromotions">
                        
                                  <h3>
                                    <a href="http://www.sainsburys.co.uk/shop/gb/groceries/fruit-flavoured/fanta-fruit-twist-drink-500ml">
                                        Fanta Fruit Twist Drink 500ml
                                        <img src="http://c2.sainsburys.co.uk/wcsstore7.20.1.145/ExtendedSitesCatalogAssetStore/images/catalog/productImages/57/0000054493957/0000054493957_L.jpeg" alt=""></a>
                                </h3>
                              
                    </div> 
                </div>
                
                <div class="errorBanner hidden" id="error39973"></div>
                <div class="addToTrolleytabBox">   
                    <!--addToTrolleytabBox GRID VIEW --><!-- Start UserSubscribedOrNot.jspf --><!-- Start UserSubscribedOrNot.jsp --><!-- 
			If the user is not logged in, render this opening 
			DIV adding an addtional class to fix the border top which is removed 
			and replaced by the tabs
		-->
		<div class="addToTrolleytabContainer addItemBorderTop">
	<!-- End AddToSubscriptionList.jsp --><!-- End AddSubscriptionList.jspf --><!-- 
                    ATTENTION!!!
                    <div class="addToTrolleytabContainer">
                    This opening div is inside "../../ReusableObjects/UserSubscribedOrNot.jsp"
                    -->
                    <div class="pricingAndTrolleyOptions">
                    	
                                    <div class="priceTab priceTabContainer activeContainer addItem" id="addItem_39973">
                                       <div class="pricing">
                                           
	<p class="pricePerUnit">
    Â£1.30<abbr title="per">/</abbr><abbr title="unit"><span class="pricePerUnitUnit">unit</span></abbr>
</p>
 
    <p class="pricePerMeasure">Â£0.26<abbr title="per">/</abbr>100<abbr title="millilitre"><span class="pricePerMeasureMeasure">ml</span></abbr>
    </p>

                                       </div>                                      

                                     
                                        <div class="addToTrolleyForm "> 
                                           <!-- BEGIN AddToTrolley.jsp -->

		<form class="addToTrolleyForm" name="OrderItemAddForm_39973" action="OrderItemAdd" method="post" id="OrderItemAddForm_39973">
		    <input type="hidden" name="storeId" value="10151"><input type="hidden" name="langId" value="44"><input type="hidden" name="catalogId" value="10241"><input type="hidden" name="errorViewName" value="CategoryDisplayView"><input type="hidden" name="SKU_ID" value="3883235"><input type="hidden" name="itemType" value=""><label class="access" for="quantity_39972">Quantity</label>
		        
					<input name="quantity" id="quantity_39972" type="text" size="3" value="1" class="quantity"><input type="hidden" name="catEntryId" value="39973"><input type="hidden" name="productId" value="39972"><input type="hidden" name="URL" value="http://www.sainsburys.co.uk/webapp/wcs/stores/servlet/CategoryDisplay?msg=&amp;langId=44&amp;storeId=10151&amp;krypto=DCnawB4kF1P62vJKWOLl4bTQS8HvnyF3y8AtfXIJZn5ESwdXVzWXj9P3bxxViiVRGtM3Cs4oohJ1OwMiSdYs%2FHY2GfWoCOubKwB9oMlZWYtt2S95pi6owxfpfNkcRIBMQ8A0nci97P2SGzTzV6Fv7DT6ViLruLFXAHjC8cEa8C0%3D&amp;ddkey=http%3Agb%2Fgroceries%2Fdrinks%2Ffruit-flavoured"><input type="hidden" name="page" value=""><input type="hidden" name="contractId" value=""><input type="hidden" name="calculateOrder" value="1"><input type="hidden" name="calculationUsage" value="-1,-2,-3"><input type="hidden" name="updateable" value="1"><input type="hidden" name="merge" value="***"><input type="hidden" name="callAjax" value="false"><input class="button process" type="submit" name="Add" value="Add">
</form>
	<!-- END AddToTrolley.jsp -->
        <div class="numberInTrolley hidden numberInTrolley_39972" id="numberInTrolley_39972">
            
        </div>
    
                                        </div>

                                        <!-- BEGIN CatalogEntryRatingsReviewsInfo.jspf --><!-- productAllowedRatingsAndReviews: true -->
    <div class="reviews">
        
	        <a class="numberOfReviews repressive" href="http://reviews.sainsburys.co.uk//8076-en_gb/3883235-P/writereview.htm?submissionurl=http%3A%2F%2Fwww.sainsburys.co.uk%2Fwebapp%2Fwcs%2Fstores%2Fservlet%2FBVReviewSubmitDisplay%3FcatalogId%3D10143%26storeId%3D10151%26recipe%3D%26langId%3D44%26productId%3D3883235-P&amp;return=http%3A%2F%2Fwww.sainsburys.co.uk%2Fwebapp%2Fwcs%2Fstores%2Fservlet%2FCategoryDisplay%3FpageSize%3D100">
	    Write a review
          	</a>
        
    </div>
<!-- END CatalogEntryRatingsReviewsInfo.jspf -->
                                   </div>
                               <!-- Start AddToSubscriptionList.jspf --><!-- Start AddToSubscriptionList.jsp --><!-- End AddToSubscriptionList.jsp --><!-- End AddToSubscriptionList.jspf -->     
                    </div>
                            
                    
                </div>     
            </div>
            <!--ThumbnailRestriction --><!-- END CatalogEntryThumbnailDisplay.jsp -->
	                            </div>
</li>
	                         

	                            <li class="gridItem" style="min-height: 406px;">
	                                <!-- BEGIN CatalogEntryThumbnailDisplay.jsp --><!-- BEGIN MerchandisingAssociationsDisplay.jsp --><!-- Start - JSP File Name:  MerchandisingAssociationsDisplay.jsp --><!-- END MerchandisingAssociationsDisplay.jsp -->
            <div class="product ">
                
                <div class="productInfo">
                    <div class="productNameAndPromotions">
                        
                                  <h3>
                                    <a href="http://www.sainsburys.co.uk/shop/gb/groceries/fruit-flavoured/sainsburys-no-added-sugar--tropical-6x330ml">
                                        Sainsbury's No Added Sugar  Tropical 6x330ml
                                        <img src="http://c2.sainsburys.co.uk/wcsstore7.20.1.145/ExtendedSitesCatalogAssetStore/images/catalog/productImages/17/0000000180917/0000000180917_L.jpeg" alt=""></a>
                                </h3>
                              
                    </div> 
                </div>
                
                <div class="errorBanner hidden" id="error712697"></div>
                <div class="addToTrolleytabBox">   
                    <!--addToTrolleytabBox GRID VIEW --><!-- Start UserSubscribedOrNot.jspf --><!-- Start UserSubscribedOrNot.jsp --><!-- 
			If the user is not logged in, render this opening 
			DIV adding an addtional class to fix the border top which is removed 
			and replaced by the tabs
		-->
		<div class="addToTrolleytabContainer addItemBorderTop">
	<!-- End AddToSubscriptionList.jsp --><!-- End AddSubscriptionList.jspf --><!-- 
                    ATTENTION!!!
                    <div class="addToTrolleytabContainer">
                    This opening div is inside "../../ReusableObjects/UserSubscribedOrNot.jsp"
                    -->
                    <div class="pricingAndTrolleyOptions">
                    	
                                    <div class="priceTab priceTabContainer activeContainer addItem" id="addItem_712697">
                                       <div class="pricing">
                                           
	<p class="pricePerUnit">
    Â£1.60<abbr title="per">/</abbr><abbr title="unit"><span class="pricePerUnitUnit">unit</span></abbr>
</p>
 
    <p class="pricePerMeasure">Â£0.08<abbr title="per">/</abbr>100<abbr title="millilitre"><span class="pricePerMeasureMeasure">ml</span></abbr>
    </p>

                                       </div>                                      

                                     
                                        <div class="addToTrolleyForm "> 
                                           <!-- BEGIN AddToTrolley.jsp -->

		<form class="addToTrolleyForm" name="OrderItemAddForm_712697" action="OrderItemAdd" method="post" id="OrderItemAddForm_712697">
		    <input type="hidden" name="storeId" value="10151"><input type="hidden" name="langId" value="44"><input type="hidden" name="catalogId" value="10241"><input type="hidden" name="errorViewName" value="CategoryDisplayView"><input type="hidden" name="SKU_ID" value="7713862"><input type="hidden" name="itemType" value=""><label class="access" for="quantity_712696">Quantity</label>
		        
					<input name="quantity" id="quantity_712696" type="text" size="3" value="1" class="quantity"><input type="hidden" name="catEntryId" value="712697"><input type="hidden" name="productId" value="712696"><input type="hidden" name="URL" value="http://www.sainsburys.co.uk/webapp/wcs/stores/servlet/CategoryDisplay?msg=&amp;langId=44&amp;storeId=10151&amp;krypto=DCnawB4kF1P62vJKWOLl4bTQS8HvnyF3y8AtfXIJZn5ESwdXVzWXj9P3bxxViiVRGtM3Cs4oohJ1OwMiSdYs%2FHY2GfWoCOubKwB9oMlZWYtt2S95pi6owxfpfNkcRIBMQ8A0nci97P2SGzTzV6Fv7DT6ViLruLFXAHjC8cEa8C0%3D&amp;ddkey=http%3Agb%2Fgroceries%2Fdrinks%2Ffruit-flavoured"><input type="hidden" name="page" value=""><input type="hidden" name="contractId" value=""><input type="hidden" name="calculateOrder" value="1"><input type="hidden" name="calculationUsage" value="-1,-2,-3"><input type="hidden" name="updateable" value="1"><input type="hidden" name="merge" value="***"><input type="hidden" name="callAjax" value="false"><input class="button process" type="submit" name="Add" value="Add">
</form>
	<!-- END AddToTrolley.jsp -->
        <div class="numberInTrolley hidden numberInTrolley_712696" id="numberInTrolley_712696">
            
        </div>
    
                                        </div>

                                        <!-- BEGIN CatalogEntryRatingsReviewsInfo.jspf --><!-- productAllowedRatingsAndReviews: true -->
    <div class="reviews">
        
            <a class="numberOfReviews" href="http://www.sainsburys.co.uk/shop/gb/groceries/fruit-flavoured/sainsburys-no-added-sugar--tropical-6x330ml#reviews">
                <img src="http://c2.sainsburys.co.uk/wcsstore7.20.1.145/SainsburysStorefrontAssetStore/img/stars/rating-3_3.gif" alt="3.3333" border="0">Â  
                Reviews (3)
            </a>
        
    </div>
<!-- END CatalogEntryRatingsReviewsInfo.jspf -->
                                   </div>
                               <!-- Start AddToSubscriptionList.jspf --><!-- Start AddToSubscriptionList.jsp --><!-- End AddToSubscriptionList.jsp --><!-- End AddToSubscriptionList.jspf -->     
                    </div>
                            
                    
                </div>     
            </div>
            <!--ThumbnailRestriction --><!-- END CatalogEntryThumbnailDisplay.jsp -->
	                            </div>
</li>
	                         

	                            <li class="gridItem" style="min-height: 406px;">
	                                <!-- BEGIN CatalogEntryThumbnailDisplay.jsp --><!-- BEGIN MerchandisingAssociationsDisplay.jsp --><!-- Start - JSP File Name:  MerchandisingAssociationsDisplay.jsp --><!-- END MerchandisingAssociationsDisplay.jsp -->
            <div class="product ">
                
                <div class="productInfo">
                    <div class="productNameAndPromotions">
                        
                                  <h3>
                                    <a href="http://www.sainsburys.co.uk/shop/gb/groceries/fruit-flavoured/crabbies-scottish-raspberry-700ml">
                                        John Crabbie's Scottish Raspberry with a Twist of Ginger, Non Alcoholic 700ml
                                        <img src="http://c2.sainsburys.co.uk/wcsstore7.20.1.145/ExtendedSitesCatalogAssetStore/images/catalog/productImages/13/5011166050513/5011166050513_L.jpeg" alt=""></a>
                                </h3>
                              
                    </div> 
                </div>
                
                <div class="errorBanner hidden" id="error156615"></div>
                <div class="addToTrolleytabBox">   
                    <!--addToTrolleytabBox GRID VIEW --><!-- Start UserSubscribedOrNot.jspf --><!-- Start UserSubscribedOrNot.jsp --><!-- 
			If the user is not logged in, render this opening 
			DIV adding an addtional class to fix the border top which is removed 
			and replaced by the tabs
		-->
		<div class="addToTrolleytabContainer addItemBorderTop">
	<!-- End AddToSubscriptionList.jsp --><!-- End AddSubscriptionList.jspf --><!-- 
                    ATTENTION!!!
                    <div class="addToTrolleytabContainer">
                    This opening div is inside "../../ReusableObjects/UserSubscribedOrNot.jsp"
                    -->
                    <div class="pricingAndTrolleyOptions">
                    	
                                    <div class="priceTab priceTabContainer activeContainer addItem" id="addItem_156615">
                                       <div class="pricing">
                                           
	<p class="pricePerUnit">
    Â£2.00<abbr title="per">/</abbr><abbr title="unit"><span class="pricePerUnitUnit">unit</span></abbr>
</p>
 
    <p class="pricePerMeasure">Â£0.29<abbr title="per">/</abbr>100<abbr title="millilitre"><span class="pricePerMeasureMeasure">ml</span></abbr>
    </p>

                                       </div>                                      

                                     
                                        <div class="addToTrolleyForm "> 
                                           <!-- BEGIN AddToTrolley.jsp -->

		<form class="addToTrolleyForm" name="OrderItemAddForm_156615" action="OrderItemAdd" method="post" id="OrderItemAddForm_156615">
		    <input type="hidden" name="storeId" value="10151"><input type="hidden" name="langId" value="44"><input type="hidden" name="catalogId" value="10241"><input type="hidden" name="errorViewName" value="CategoryDisplayView"><input type="hidden" name="SKU_ID" value="7633905"><input type="hidden" name="itemType" value=""><label class="access" for="quantity_156614">Quantity</label>
		        
					<input name="quantity" id="quantity_156614" type="text" size="3" value="1" class="quantity"><input type="hidden" name="catEntryId" value="156615"><input type="hidden" name="productId" value="156614"><input type="hidden" name="URL" value="http://www.sainsburys.co.uk/webapp/wcs/stores/servlet/CategoryDisplay?msg=&amp;langId=44&amp;storeId=10151&amp;krypto=DCnawB4kF1P62vJKWOLl4bTQS8HvnyF3y8AtfXIJZn5ESwdXVzWXj9P3bxxViiVRGtM3Cs4oohJ1OwMiSdYs%2FHY2GfWoCOubKwB9oMlZWYtt2S95pi6owxfpfNkcRIBMQ8A0nci97P2SGzTzV6Fv7DT6ViLruLFXAHjC8cEa8C0%3D&amp;ddkey=http%3Agb%2Fgroceries%2Fdrinks%2Ffruit-flavoured"><input type="hidden" name="page" value=""><input type="hidden" name="contractId" value=""><input type="hidden" name="calculateOrder" value="1"><input type="hidden" name="calculationUsage" value="-1,-2,-3"><input type="hidden" name="updateable" value="1"><input type="hidden" name="merge" value="***"><input type="hidden" name="callAjax" value="false"><input class="button process" type="submit" name="Add" value="Add">
</form>
	<!-- END AddToTrolley.jsp -->
        <div class="numberInTrolley hidden numberInTrolley_156614" id="numberInTrolley_156614">
            
        </div>
    
                                        </div>

                                        <!-- BEGIN CatalogEntryRatingsReviewsInfo.jspf --><!-- productAllowedRatingsAndReviews: true -->
    <div class="reviews">
        
            <a class="numberOfReviews" href="http://www.sainsburys.co.uk/shop/gb/groceries/fruit-flavoured/crabbies-scottish-raspberry-700ml#reviews">
                <img src="http://c2.sainsburys.co.uk/wcsstore7.20.1.145/SainsburysStorefrontAssetStore/img/stars/rating-4_6.gif" alt="4.5714" border="0">Â  
                Reviews (7)
            </a>
        
    </div>
<!-- END CatalogEntryRatingsReviewsInfo.jspf -->
                                   </div>
                               <!-- Start AddToSubscriptionList.jspf --><!-- Start AddToSubscriptionList.jsp --><!-- End AddToSubscriptionList.jsp --><!-- End AddToSubscriptionList.jspf -->     
                    </div>
                            
                    
                </div>     
            </div>
            <!--ThumbnailRestriction --><!-- END CatalogEntryThumbnailDisplay.jsp -->
	                            </div>
</li>
	                         

	                            <li class="gridItem" style="min-height: 406px;">
	                                <!-- BEGIN CatalogEntryThumbnailDisplay.jsp --><!-- BEGIN MerchandisingAssociationsDisplay.jsp --><!-- Start - JSP File Name:  MerchandisingAssociationsDisplay.jsp --><!-- END MerchandisingAssociationsDisplay.jsp -->
            <div class="product ">
                
                <div class="productInfo">
                    <div class="productNameAndPromotions">
                        
                                  <h3>
                                    <a href="http://www.sainsburys.co.uk/shop/gb/groceries/fruit-flavoured/irn-bru-330mlx4">
                                        Irn-Bru 4x330ml
                                        <img src="http://c2.sainsburys.co.uk/wcsstore7.20.1.145/ExtendedSitesCatalogAssetStore/images/catalog/productImages/21/5000382042921/5000382042921_L.jpeg" alt=""></a>
                                </h3>
                              
                    </div> 
                </div>
                
                <div class="errorBanner hidden" id="error887961"></div>
                <div class="addToTrolleytabBox">   
                    <!--addToTrolleytabBox GRID VIEW --><!-- Start UserSubscribedOrNot.jspf --><!-- Start UserSubscribedOrNot.jsp --><!-- 
			If the user is not logged in, render this opening 
			DIV adding an addtional class to fix the border top which is removed 
			and replaced by the tabs
		-->
		<div class="addToTrolleytabContainer addItemBorderTop">
	<!-- End AddToSubscriptionList.jsp --><!-- End AddSubscriptionList.jspf --><!-- 
                    ATTENTION!!!
                    <div class="addToTrolleytabContainer">
                    This opening div is inside "../../ReusableObjects/UserSubscribedOrNot.jsp"
                    -->
                    <div class="pricingAndTrolleyOptions">
                    	
                                    <div class="priceTab priceTabContainer activeContainer addItem" id="addItem_887961">
                                       <div class="pricing">
                                           
	<p class="pricePerUnit">
    Â£2.00<abbr title="per">/</abbr><abbr title="unit"><span class="pricePerUnitUnit">unit</span></abbr>
</p>
 
    <p class="pricePerMeasure">Â£0.14<abbr title="per">/</abbr>100<abbr title="millilitre"><span class="pricePerMeasureMeasure">ml</span></abbr>
    </p>

                                       </div>                                      

                                     
                                        <div class="addToTrolleyForm "> 
                                           <!-- BEGIN AddToTrolley.jsp -->

		<form class="addToTrolleyForm" name="OrderItemAddForm_887961" action="OrderItemAdd" method="post" id="OrderItemAddForm_887961">
		    <input type="hidden" name="storeId" value="10151"><input type="hidden" name="langId" value="44"><input type="hidden" name="catalogId" value="10241"><input type="hidden" name="errorViewName" value="CategoryDisplayView"><input type="hidden" name="SKU_ID" value="7752704"><input type="hidden" name="itemType" value=""><label class="access" for="quantity_887960">Quantity</label>
		        
					<input name="quantity" id="quantity_887960" type="text" size="3" value="1" class="quantity"><input type="hidden" name="catEntryId" value="887961"><input type="hidden" name="productId" value="887960"><input type="hidden" name="URL" value="http://www.sainsburys.co.uk/webapp/wcs/stores/servlet/CategoryDisplay?msg=&amp;langId=44&amp;storeId=10151&amp;krypto=DCnawB4kF1P62vJKWOLl4bTQS8HvnyF3y8AtfXIJZn5ESwdXVzWXj9P3bxxViiVRGtM3Cs4oohJ1OwMiSdYs%2FHY2GfWoCOubKwB9oMlZWYtt2S95pi6owxfpfNkcRIBMQ8A0nci97P2SGzTzV6Fv7DT6ViLruLFXAHjC8cEa8C0%3D&amp;ddkey=http%3Agb%2Fgroceries%2Fdrinks%2Ffruit-flavoured"><input type="hidden" name="page" value=""><input type="hidden" name="contractId" value=""><input type="hidden" name="calculateOrder" value="1"><input type="hidden" name="calculationUsage" value="-1,-2,-3"><input type="hidden" name="updateable" value="1"><input type="hidden" name="merge" value="***"><input type="hidden" name="callAjax" value="false"><input class="button process" type="submit" name="Add" value="Add">
</form>
	<!-- END AddToTrolley.jsp -->
        <div class="numberInTrolley hidden numberInTrolley_887960" id="numberInTrolley_887960">
            
        </div>
    
                                        </div>

                                        <!-- BEGIN CatalogEntryRatingsReviewsInfo.jspf --><!-- productAllowedRatingsAndReviews: true -->
    <div class="reviews">
        
	        <a class="numberOfReviews repressive" href="http://reviews.sainsburys.co.uk//8076-en_gb/7752704-P/writereview.htm?submissionurl=http%3A%2F%2Fwww.sainsburys.co.uk%2Fwebapp%2Fwcs%2Fstores%2Fservlet%2FBVReviewSubmitDisplay%3FcatalogId%3D10143%26storeId%3D10151%26recipe%3D%26langId%3D44%26productId%3D7752704-P&amp;return=http%3A%2F%2Fwww.sainsburys.co.uk%2Fwebapp%2Fwcs%2Fstores%2Fservlet%2FCategoryDisplay%3FpageSize%3D100">
	    Write a review
          	</a>
        
    </div>
<!-- END CatalogEntryRatingsReviewsInfo.jspf -->
                                   </div>
                               <!-- Start AddToSubscriptionList.jspf --><!-- Start AddToSubscriptionList.jsp --><!-- End AddToSubscriptionList.jsp --><!-- End AddToSubscriptionList.jspf -->     
                    </div>
                            
                    
                </div>     
            </div>
            <!--ThumbnailRestriction --><!-- END CatalogEntryThumbnailDisplay.jsp -->
	                            </div>
</li>
	                         

	                            <li class="gridItem" style="min-height: 406px;">
	                                <!-- BEGIN CatalogEntryThumbnailDisplay.jsp --><!-- BEGIN MerchandisingAssociationsDisplay.jsp --><!-- Start - JSP File Name:  MerchandisingAssociationsDisplay.jsp --><!-- END MerchandisingAssociationsDisplay.jsp -->
            <div class="product ">
                
                <div class="productInfo">
                    <div class="productNameAndPromotions">
                        
                                  <h3>
                                    <a href="http://www.sainsburys.co.uk/shop/gb/groceries/fruit-flavoured/sainsburys-pineapple---grapefruit-6x330ml">
                                        Sainsbury's Pineapple &amp; Grapefruit 6x330ml
                                        <img src="http://c2.sainsburys.co.uk/wcsstore7.20.1.145/ExtendedSitesCatalogAssetStore/images/catalog/productImages/00/0000000180900/0000000180900_L.jpeg" alt=""></a>
                                </h3>
                              
                    </div> 
                </div>
                
                <div class="errorBanner hidden" id="error712691"></div>
                <div class="addToTrolleytabBox">   
                    <!--addToTrolleytabBox GRID VIEW --><!-- Start UserSubscribedOrNot.jspf --><!-- Start UserSubscribedOrNot.jsp --><!-- 
			If the user is not logged in, render this opening 
			DIV adding an addtional class to fix the border top which is removed 
			and replaced by the tabs
		-->
		<div class="addToTrolleytabContainer addItemBorderTop">
	<!-- End AddToSubscriptionList.jsp --><!-- End AddSubscriptionList.jspf --><!-- 
                    ATTENTION!!!
                    <div class="addToTrolleytabContainer">
                    This opening div is inside "../../ReusableObjects/UserSubscribedOrNot.jsp"
                    -->
                    <div class="pricingAndTrolleyOptions">
                    	
                                    <div class="priceTab priceTabContainer activeContainer addItem" id="addItem_712691">
                                       <div class="pricing">
                                           
	<p class="pricePerUnit">
    Â£1.60<abbr title="per">/</abbr><abbr title="unit"><span class="pricePerUnitUnit">unit</span></abbr>
</p>
 
    <p class="pricePerMeasure">Â£0.08<abbr title="per">/</abbr>100<abbr title="millilitre"><span class="pricePerMeasureMeasure">ml</span></abbr>
    </p>

                                       </div>                                      

                                     
                                        <div class="addToTrolleyForm "> 
                                           <!-- BEGIN AddToTrolley.jsp -->

		<form class="addToTrolleyForm" name="OrderItemAddForm_712691" action="OrderItemAdd" method="post" id="OrderItemAddForm_712691">
		    <input type="hidden" name="storeId" value="10151"><input type="hidden" name="langId" value="44"><input type="hidden" name="catalogId" value="10241"><input type="hidden" name="errorViewName" value="CategoryDisplayView"><input type="hidden" name="SKU_ID" value="7713832"><input type="hidden" name="itemType" value=""><label class="access" for="quantity_712690">Quantity</label>
		        
					<input name="quantity" id="quantity_712690" type="text" size="3" value="1" class="quantity"><input type="hidden" name="catEntryId" value="712691"><input type="hidden" name="productId" value="712690"><input type="hidden" name="URL" value="http://www.sainsburys.co.uk/webapp/wcs/stores/servlet/CategoryDisplay?msg=&amp;langId=44&amp;storeId=10151&amp;krypto=DCnawB4kF1P62vJKWOLl4bTQS8HvnyF3y8AtfXIJZn5ESwdXVzWXj9P3bxxViiVRGtM3Cs4oohJ1OwMiSdYs%2FHY2GfWoCOubKwB9oMlZWYtt2S95pi6owxfpfNkcRIBMQ8A0nci97P2SGzTzV6Fv7DT6ViLruLFXAHjC8cEa8C0%3D&amp;ddkey=http%3Agb%2Fgroceries%2Fdrinks%2Ffruit-flavoured"><input type="hidden" name="page" value=""><input type="hidden" name="contractId" value=""><input type="hidden" name="calculateOrder" value="1"><input type="hidden" name="calculationUsage" value="-1,-2,-3"><input type="hidden" name="updateable" value="1"><input type="hidden" name="merge" value="***"><input type="hidden" name="callAjax" value="false"><input class="button process" type="submit" name="Add" value="Add">
</form>
	<!-- END AddToTrolley.jsp -->
        <div class="numberInTrolley hidden numberInTrolley_712690" id="numberInTrolley_712690">
            
        </div>
    
                                        </div>

                                        <!-- BEGIN CatalogEntryRatingsReviewsInfo.jspf --><!-- productAllowedRatingsAndReviews: true -->
    <div class="reviews">
        
            <a class="numberOfReviews" href="http://www.sainsburys.co.uk/shop/gb/groceries/fruit-flavoured/sainsburys-pineapple---grapefruit-6x330ml#reviews">
                <img src="http://c2.sainsburys.co.uk/wcsstore7.20.1.145/SainsburysStorefrontAssetStore/img/stars/rating-5_0.gif" alt="5.0" border="0">Â  
                Reviews (2)
            </a>
        
    </div>
<!-- END CatalogEntryRatingsReviewsInfo.jspf -->
                                   </div>
                               <!-- Start AddToSubscriptionList.jspf --><!-- Start AddToSubscriptionList.jsp --><!-- End AddToSubscriptionList.jsp --><!-- End AddToSubscriptionList.jspf -->     
                    </div>
                            
                    
                </div>     
            </div>
            <!--ThumbnailRestriction --><!-- END CatalogEntryThumbnailDisplay.jsp -->
	                            </div>
</li>
	                         

	                            <li class="gridItem" style="min-height: 406px;">
	                                <!-- BEGIN CatalogEntryThumbnailDisplay.jsp --><!-- BEGIN MerchandisingAssociationsDisplay.jsp --><!-- Start - JSP File Name:  MerchandisingAssociationsDisplay.jsp --><!-- END MerchandisingAssociationsDisplay.jsp -->
            <div class="product ">
                
                <div class="productInfo">
                    <div class="productNameAndPromotions">
                        
                                  <h3>
                                    <a href="http://www.sainsburys.co.uk/shop/gb/groceries/fruit-flavoured/lucozade-energy-cherry-6x380ml">
                                        Lucozade Energy Cherry 6x380ml
                                        <img src="http://c2.sainsburys.co.uk/wcsstore7.20.1.145/ExtendedSitesCatalogAssetStore/images/catalog/productImages/74/5054267000674/5054267000674_L.jpeg" alt=""></a>
                                </h3>
                              
                    </div> 
                </div>
                
                <div class="errorBanner hidden" id="error48617"></div>
                <div class="addToTrolleytabBox">   
                    <!--addToTrolleytabBox GRID VIEW --><!-- Start UserSubscribedOrNot.jspf --><!-- Start UserSubscribedOrNot.jsp --><!-- 
			If the user is not logged in, render this opening 
			DIV adding an addtional class to fix the border top which is removed 
			and replaced by the tabs
		-->
		<div class="addToTrolleytabContainer addItemBorderTop">
	<!-- End AddToSubscriptionList.jsp --><!-- End AddSubscriptionList.jspf --><!-- 
                    ATTENTION!!!
                    <div class="addToTrolleytabContainer">
                    This opening div is inside "../../ReusableObjects/UserSubscribedOrNot.jsp"
                    -->
                    <div class="pricingAndTrolleyOptions">
                    	
                                    <div class="priceTab priceTabContainer activeContainer addItem" id="addItem_48617">
                                       <div class="pricing">
                                           
	<p class="pricePerUnit">
    Â£3.00<abbr title="per">/</abbr><abbr title="unit"><span class="pricePerUnitUnit">unit</span></abbr>
</p>
 
    <p class="pricePerMeasure">Â£0.13<abbr title="per">/</abbr>100<abbr title="millilitre"><span class="pricePerMeasureMeasure">ml</span></abbr>
    </p>

                                       </div>                                      

                                     
                                        <div class="addToTrolleyForm "> 
                                           <!-- BEGIN AddToTrolley.jsp -->

		<form class="addToTrolleyForm" name="OrderItemAddForm_48617" action="OrderItemAdd" method="post" id="OrderItemAddForm_48617">
		    <input type="hidden" name="storeId" value="10151"><input type="hidden" name="langId" value="44"><input type="hidden" name="catalogId" value="10241"><input type="hidden" name="errorViewName" value="CategoryDisplayView"><input type="hidden" name="SKU_ID" value="7159667"><input type="hidden" name="itemType" value=""><label class="access" for="quantity_48616">Quantity</label>
		        
					<input name="quantity" id="quantity_48616" type="text" size="3" value="1" class="quantity"><input type="hidden" name="catEntryId" value="48617"><input type="hidden" name="productId" value="48616"><input type="hidden" name="URL" value="http://www.sainsburys.co.uk/webapp/wcs/stores/servlet/CategoryDisplay?msg=&amp;langId=44&amp;storeId=10151&amp;krypto=DCnawB4kF1P62vJKWOLl4bTQS8HvnyF3y8AtfXIJZn5ESwdXVzWXj9P3bxxViiVRGtM3Cs4oohJ1OwMiSdYs%2FHY2GfWoCOubKwB9oMlZWYtt2S95pi6owxfpfNkcRIBMQ8A0nci97P2SGzTzV6Fv7DT6ViLruLFXAHjC8cEa8C0%3D&amp;ddkey=http%3Agb%2Fgroceries%2Fdrinks%2Ffruit-flavoured"><input type="hidden" name="page" value=""><input type="hidden" name="contractId" value=""><input type="hidden" name="calculateOrder" value="1"><input type="hidden" name="calculationUsage" value="-1,-2,-3"><input type="hidden" name="updateable" value="1"><input type="hidden" name="merge" value="***"><input type="hidden" name="callAjax" value="false"><input class="button process" type="submit" name="Add" value="Add">
</form>
	<!-- END AddToTrolley.jsp -->
        <div class="numberInTrolley hidden numberInTrolley_48616" id="numberInTrolley_48616">
            
        </div>
    
                                        </div>

                                        <!-- BEGIN CatalogEntryRatingsReviewsInfo.jspf --><!-- productAllowedRatingsAndReviews: true -->
    <div class="reviews">
        
            <a class="numberOfReviews" href="http://www.sainsburys.co.uk/shop/gb/groceries/fruit-flavoured/lucozade-energy-cherry-6x380ml#reviews">
                <img src="http://c2.sainsburys.co.uk/wcsstore7.20.1.145/SainsburysStorefrontAssetStore/img/stars/rating-4_7.gif" alt="4.6667" border="0">Â  
                Reviews (3)
            </a>
        
    </div>
<!-- END CatalogEntryRatingsReviewsInfo.jspf -->
                                   </div>
                               <!-- Start AddToSubscriptionList.jspf --><!-- Start AddToSubscriptionList.jsp --><!-- End AddToSubscriptionList.jsp --><!-- End AddToSubscriptionList.jspf -->     
                    </div>
                            
                    
                </div>     
            </div>
            <!--ThumbnailRestriction --><!-- END CatalogEntryThumbnailDisplay.jsp -->
	                            </div>
</li>
	                         

	                            <li class="gridItem" style="min-height: 406px;">
	                                <!-- BEGIN CatalogEntryThumbnailDisplay.jsp --><!-- BEGIN MerchandisingAssociationsDisplay.jsp --><!-- Start - JSP File Name:  MerchandisingAssociationsDisplay.jsp --><!-- END MerchandisingAssociationsDisplay.jsp -->
            <div class="product ">
                
                <div class="productInfo">
                    <div class="productNameAndPromotions">
                        
                                  <h3>
                                    <a href="http://www.sainsburys.co.uk/shop/gb/groceries/fruit-flavoured/shloer-light-red-grape-sparkling-juice-drink-750ml">
                                        Shloer Light Red Grape Sparkling Juice Drink 750ml
                                        <img src="http://c2.sainsburys.co.uk/wcsstore7.20.1.145/ExtendedSitesCatalogAssetStore/images/catalog/productImages/82/5010388202182/5010388202182_L.jpeg" alt=""></a>
                                </h3>
                              
                    </div> 
                </div>
                
                <div class="errorBanner hidden" id="error930995"></div>
                <div class="addToTrolleytabBox">   
                    <!--addToTrolleytabBox GRID VIEW --><!-- Start UserSubscribedOrNot.jspf --><!-- Start UserSubscribedOrNot.jsp --><!-- 
			If the user is not logged in, render this opening 
			DIV adding an addtional class to fix the border top which is removed 
			and replaced by the tabs
		-->
		<div class="addToTrolleytabContainer addItemBorderTop">
	<!-- End AddToSubscriptionList.jsp --><!-- End AddSubscriptionList.jspf --><!-- 
                    ATTENTION!!!
                    <div class="addToTrolleytabContainer">
                    This opening div is inside "../../ReusableObjects/UserSubscribedOrNot.jsp"
                    -->
                    <div class="pricingAndTrolleyOptions">
                    	
                                    <div class="priceTab priceTabContainer activeContainer addItem" id="addItem_930995">
                                       <div class="pricing">
                                           
	<p class="pricePerUnit">
    Â£2.00<abbr title="per">/</abbr><abbr title="unit"><span class="pricePerUnitUnit">unit</span></abbr>
</p>
 
    <p class="pricePerMeasure">Â£0.27<abbr title="per">/</abbr>100<abbr title="millilitre"><span class="pricePerMeasureMeasure">ml</span></abbr>
    </p>

                                       </div>                                      

                                     
                                        <div class="addToTrolleyForm "> 
                                           <!-- BEGIN AddToTrolley.jsp -->

		<form class="addToTrolleyForm" name="OrderItemAddForm_930995" action="OrderItemAdd" method="post" id="OrderItemAddForm_930995">
		    <input type="hidden" name="storeId" value="10151"><input type="hidden" name="langId" value="44"><input type="hidden" name="catalogId" value="10241"><input type="hidden" name="errorViewName" value="CategoryDisplayView"><input type="hidden" name="SKU_ID" value="7761728"><input type="hidden" name="itemType" value=""><label class="access" for="quantity_930994">Quantity</label>
		        
					<input name="quantity" id="quantity_930994" type="text" size="3" value="1" class="quantity"><input type="hidden" name="catEntryId" value="930995"><input type="hidden" name="productId" value="930994"><input type="hidden" name="URL" value="http://www.sainsburys.co.uk/webapp/wcs/stores/servlet/CategoryDisplay?msg=&amp;langId=44&amp;storeId=10151&amp;krypto=DCnawB4kF1P62vJKWOLl4bTQS8HvnyF3y8AtfXIJZn5ESwdXVzWXj9P3bxxViiVRGtM3Cs4oohJ1OwMiSdYs%2FHY2GfWoCOubKwB9oMlZWYtt2S95pi6owxfpfNkcRIBMQ8A0nci97P2SGzTzV6Fv7DT6ViLruLFXAHjC8cEa8C0%3D&amp;ddkey=http%3Agb%2Fgroceries%2Fdrinks%2Ffruit-flavoured"><input type="hidden" name="page" value=""><input type="hidden" name="contractId" value=""><input type="hidden" name="calculateOrder" value="1"><input type="hidden" name="calculationUsage" value="-1,-2,-3"><input type="hidden" name="updateable" value="1"><input type="hidden" name="merge" value="***"><input type="hidden" name="callAjax" value="false"><input class="button process" type="submit" name="Add" value="Add">
</form>
	<!-- END AddToTrolley.jsp -->
        <div class="numberInTrolley hidden numberInTrolley_930994" id="numberInTrolley_930994">
            
        </div>
    
                                        </div>

                                        <!-- BEGIN CatalogEntryRatingsReviewsInfo.jspf --><!-- productAllowedRatingsAndReviews: true -->
    <div class="reviews">
        
	        <a class="numberOfReviews repressive" href="http://reviews.sainsburys.co.uk//8076-en_gb/7761728-P/writereview.htm?submissionurl=http%3A%2F%2Fwww.sainsburys.co.uk%2Fwebapp%2Fwcs%2Fstores%2Fservlet%2FBVReviewSubmitDisplay%3FcatalogId%3D10143%26storeId%3D10151%26recipe%3D%26langId%3D44%26productId%3D7761728-P&amp;return=http%3A%2F%2Fwww.sainsburys.co.uk%2Fwebapp%2Fwcs%2Fstores%2Fservlet%2FCategoryDisplay%3FpageSize%3D100">
	    Write a review
          	</a>
        
    </div>
<!-- END CatalogEntryRatingsReviewsInfo.jspf -->
                                   </div>
                               <!-- Start AddToSubscriptionList.jspf --><!-- Start AddToSubscriptionList.jsp --><!-- End AddToSubscriptionList.jsp --><!-- End AddToSubscriptionList.jspf -->     
                    </div>
                            
                    
                </div>     
            </div>
            <!--ThumbnailRestriction --><!-- END CatalogEntryThumbnailDisplay.jsp -->
	                            </div>
</li>
	                         

	                            <li class="gridItem" style="min-height: 404px;">
	                                <!-- BEGIN CatalogEntryThumbnailDisplay.jsp --><!-- BEGIN MerchandisingAssociationsDisplay.jsp --><!-- Start - JSP File Name:  MerchandisingAssociationsDisplay.jsp --><!-- END MerchandisingAssociationsDisplay.jsp -->
            <div class="product ">
                
                <div class="productInfo">
                    <div class="productNameAndPromotions">
                        
                                  <h3>
                                    <a href="http://www.sainsburys.co.uk/shop/gb/groceries/fruit-flavoured/old-jamaica-ginger-beer--diet-4x330ml">
                                        Old Jamaica Ginger Beer, Diet 4x330ml
                                        <img src="http://c2.sainsburys.co.uk/wcsstore7.20.1.145/ExtendedSitesCatalogAssetStore/images/catalog/productImages/85/5000177483885/5000177483885_L.jpeg" alt=""></a>
                                </h3>
                              
                    </div> 
                </div>
                
                <div class="errorBanner hidden" id="error1059497"></div>
                <div class="addToTrolleytabBox">   
                    <!--addToTrolleytabBox GRID VIEW --><!-- Start UserSubscribedOrNot.jspf --><!-- Start UserSubscribedOrNot.jsp --><!-- 
			If the user is not logged in, render this opening 
			DIV adding an addtional class to fix the border top which is removed 
			and replaced by the tabs
		-->
		<div class="addToTrolleytabContainer addItemBorderTop">
	<!-- End AddToSubscriptionList.jsp --><!-- End AddSubscriptionList.jspf --><!-- 
                    ATTENTION!!!
                    <div class="addToTrolleytabContainer">
                    This opening div is inside "../../ReusableObjects/UserSubscribedOrNot.jsp"
                    -->
                    <div class="pricingAndTrolleyOptions">
                    	
                                    <div class="priceTab priceTabContainer activeContainer addItem" id="addItem_1059497">
                                       <div class="pricing">
                                           
	<p class="pricePerUnit">
    Â£1.90<abbr title="per">/</abbr><abbr title="unit"><span class="pricePerUnitUnit">unit</span></abbr>
</p>
 
    <p class="pricePerMeasure">Â£0.14<abbr title="per">/</abbr>100<abbr title="millilitre"><span class="pricePerMeasureMeasure">ml</span></abbr>
    </p>

                                       </div>                                      

                                     
                                        <div class="addToTrolleyForm "> 
                                           <!-- BEGIN AddToTrolley.jsp -->

		<form class="addToTrolleyForm" name="OrderItemAddForm_1059497" action="OrderItemAdd" method="post" id="OrderItemAddForm_1059497">
		    <input type="hidden" name="storeId" value="10151"><input type="hidden" name="langId" value="44"><input type="hidden" name="catalogId" value="10241"><input type="hidden" name="errorViewName" value="CategoryDisplayView"><input type="hidden" name="SKU_ID" value="7819515"><input type="hidden" name="itemType" value=""><label class="access" for="quantity_1059496">Quantity</label>
		        
					<input name="quantity" id="quantity_1059496" type="text" size="3" value="1" class="quantity"><input type="hidden" name="catEntryId" value="1059497"><input type="hidden" name="productId" value="1059496"><input type="hidden" name="URL" value="http://www.sainsburys.co.uk/webapp/wcs/stores/servlet/CategoryDisplay?msg=&amp;langId=44&amp;storeId=10151&amp;krypto=DCnawB4kF1P62vJKWOLl4bTQS8HvnyF3y8AtfXIJZn5ESwdXVzWXj9P3bxxViiVRGtM3Cs4oohJ1OwMiSdYs%2FHY2GfWoCOubKwB9oMlZWYtt2S95pi6owxfpfNkcRIBMQ8A0nci97P2SGzTzV6Fv7DT6ViLruLFXAHjC8cEa8C0%3D&amp;ddkey=http%3Agb%2Fgroceries%2Fdrinks%2Ffruit-flavoured"><input type="hidden" name="page" value=""><input type="hidden" name="contractId" value=""><input type="hidden" name="calculateOrder" value="1"><input type="hidden" name="calculationUsage" value="-1,-2,-3"><input type="hidden" name="updateable" value="1"><input type="hidden" name="merge" value="***"><input type="hidden" name="callAjax" value="false"><input class="button process" type="submit" name="Add" value="Add">
</form>
	<!-- END AddToTrolley.jsp -->
        <div class="numberInTrolley hidden numberInTrolley_1059496" id="numberInTrolley_1059496">
            
        </div>
    
                                        </div>

                                        <!-- BEGIN CatalogEntryRatingsReviewsInfo.jspf --><!-- productAllowedRatingsAndReviews: true -->
    <div class="reviews">
        
	        <a class="numberOfReviews repressive" href="http://reviews.sainsburys.co.uk//8076-en_gb/7819515-P/writereview.htm?submissionurl=http%3A%2F%2Fwww.sainsburys.co.uk%2Fwebapp%2Fwcs%2Fstores%2Fservlet%2FBVReviewSubmitDisplay%3FcatalogId%3D10143%26storeId%3D10151%26recipe%3D%26langId%3D44%26productId%3D7819515-P&amp;return=http%3A%2F%2Fwww.sainsburys.co.uk%2Fwebapp%2Fwcs%2Fstores%2Fservlet%2FCategoryDisplay%3FpageSize%3D100">
	    Write a review
          	</a>
        
    </div>
<!-- END CatalogEntryRatingsReviewsInfo.jspf -->
                                   </div>
                               <!-- Start AddToSubscriptionList.jspf --><!-- Start AddToSubscriptionList.jsp --><!-- End AddToSubscriptionList.jsp --><!-- End AddToSubscriptionList.jspf -->     
                    </div>
                            
                    
                </div>     
            </div>
            <!--ThumbnailRestriction --><!-- END CatalogEntryThumbnailDisplay.jsp -->
	                            </div>
</li>
	                         

	                            <li class="gridItem" style="min-height: 404px;">
	                                <!-- BEGIN CatalogEntryThumbnailDisplay.jsp --><!-- BEGIN MerchandisingAssociationsDisplay.jsp --><!-- Start - JSP File Name:  MerchandisingAssociationsDisplay.jsp --><!-- END MerchandisingAssociationsDisplay.jsp -->
            <div class="product ">
                
                <div class="productInfo">
                    <div class="productNameAndPromotions">
                        
                                  <h3>
                                    <a href="http://www.sainsburys.co.uk/shop/gb/groceries/fruit-flavoured/rubicon-sparkling-mango-2l">
                                        Rubicon Sparkling Mango 2L
                                        <img src="http://c2.sainsburys.co.uk/wcsstore7.20.1.145/ExtendedSitesCatalogAssetStore/images/catalog/productImages/66/5000382033066/5000382033066_L.jpeg" alt=""></a>
                                </h3>
                              
                    </div> 
                </div>
                
                <div class="errorBanner hidden" id="error887925"></div>
                <div class="addToTrolleytabBox">   
                    <!--addToTrolleytabBox GRID VIEW --><!-- Start UserSubscribedOrNot.jspf --><!-- Start UserSubscribedOrNot.jsp --><!-- 
			If the user is not logged in, render this opening 
			DIV adding an addtional class to fix the border top which is removed 
			and replaced by the tabs
		-->
		<div class="addToTrolleytabContainer addItemBorderTop">
	<!-- End AddToSubscriptionList.jsp --><!-- End AddSubscriptionList.jspf --><!-- 
                    ATTENTION!!!
                    <div class="addToTrolleytabContainer">
                    This opening div is inside "../../ReusableObjects/UserSubscribedOrNot.jsp"
                    -->
                    <div class="pricingAndTrolleyOptions">
                    	
                                    <div class="priceTab priceTabContainer activeContainer addItem" id="addItem_887925">
                                       <div class="pricing">
                                           
	<p class="pricePerUnit">
    Â£1.80<abbr title="per">/</abbr><abbr title="unit"><span class="pricePerUnitUnit">unit</span></abbr>
</p>
 
    <p class="pricePerMeasure">Â£0.09<abbr title="per">/</abbr>100<abbr title="millilitre"><span class="pricePerMeasureMeasure">ml</span></abbr>
    </p>

                                       </div>                                      

                                     
                                        <div class="addToTrolleyForm "> 
                                           <!-- BEGIN AddToTrolley.jsp -->

		<form class="addToTrolleyForm" name="OrderItemAddForm_887925" action="OrderItemAdd" method="post" id="OrderItemAddForm_887925">
		    <input type="hidden" name="storeId" value="10151"><input type="hidden" name="langId" value="44"><input type="hidden" name="catalogId" value="10241"><input type="hidden" name="errorViewName" value="CategoryDisplayView"><input type="hidden" name="SKU_ID" value="7751225"><input type="hidden" name="itemType" value=""><label class="access" for="quantity_887924">Quantity</label>
		        
					<input name="quantity" id="quantity_887924" type="text" size="3" value="1" class="quantity"><input type="hidden" name="catEntryId" value="887925"><input type="hidden" name="productId" value="887924"><input type="hidden" name="URL" value="http://www.sainsburys.co.uk/webapp/wcs/stores/servlet/CategoryDisplay?msg=&amp;langId=44&amp;storeId=10151&amp;krypto=DCnawB4kF1P62vJKWOLl4bTQS8HvnyF3y8AtfXIJZn5ESwdXVzWXj9P3bxxViiVRGtM3Cs4oohJ1OwMiSdYs%2FHY2GfWoCOubKwB9oMlZWYtt2S95pi6owxfpfNkcRIBMQ8A0nci97P2SGzTzV6Fv7DT6ViLruLFXAHjC8cEa8C0%3D&amp;ddkey=http%3Agb%2Fgroceries%2Fdrinks%2Ffruit-flavoured"><input type="hidden" name="page" value=""><input type="hidden" name="contractId" value=""><input type="hidden" name="calculateOrder" value="1"><input type="hidden" name="calculationUsage" value="-1,-2,-3"><input type="hidden" name="updateable" value="1"><input type="hidden" name="merge" value="***"><input type="hidden" name="callAjax" value="false"><input class="button process" type="submit" name="Add" value="Add">
</form>
	<!-- END AddToTrolley.jsp -->
        <div class="numberInTrolley hidden numberInTrolley_887924" id="numberInTrolley_887924">
            
        </div>
    
                                        </div>

                                        <!-- BEGIN CatalogEntryRatingsReviewsInfo.jspf --><!-- productAllowedRatingsAndReviews: true -->
    <div class="reviews">
        
	        <a class="numberOfReviews repressive" href="http://reviews.sainsburys.co.uk//8076-en_gb/7751225-P/writereview.htm?submissionurl=http%3A%2F%2Fwww.sainsburys.co.uk%2Fwebapp%2Fwcs%2Fstores%2Fservlet%2FBVReviewSubmitDisplay%3FcatalogId%3D10143%26storeId%3D10151%26recipe%3D%26langId%3D44%26productId%3D7751225-P&amp;return=http%3A%2F%2Fwww.sainsburys.co.uk%2Fwebapp%2Fwcs%2Fstores%2Fservlet%2FCategoryDisplay%3FpageSize%3D100">
	    Write a review
          	</a>
        
    </div>
<!-- END CatalogEntryRatingsReviewsInfo.jspf -->
                                   </div>
                               <!-- Start AddToSubscriptionList.jspf --><!-- Start AddToSubscriptionList.jsp --><!-- End AddToSubscriptionList.jsp --><!-- End AddToSubscriptionList.jspf -->     
                    </div>
                            
                    
                </div>     
            </div>
            <!--ThumbnailRestriction --><!-- END CatalogEntryThumbnailDisplay.jsp -->
	                            </div>
</li>
	                         

	                            <li class="gridItem" style="min-height: 404px;">
	                                <!-- BEGIN CatalogEntryThumbnailDisplay.jsp --><!-- BEGIN MerchandisingAssociationsDisplay.jsp --><!-- Start - JSP File Name:  MerchandisingAssociationsDisplay.jsp --><!-- END MerchandisingAssociationsDisplay.jsp -->
            <div class="product ">
                
                <div class="productInfo">
                    <div class="productNameAndPromotions">
                        
                                  <h3>
                                    <a href="http://www.sainsburys.co.uk/shop/gb/groceries/fruit-flavoured/orangina-6x330ml">
                                        Orangina 6x330ml
                                        <img src="http://c2.sainsburys.co.uk/wcsstore7.20.1.145/ExtendedSitesCatalogAssetStore/images/catalog/productImages/59/5054267003859/5054267003859_L.jpeg" alt=""></a>
                                </h3>
                              
                    </div> 
                </div>
                
                <div class="errorBanner hidden" id="error951195"></div>
                <div class="addToTrolleytabBox">   
                    <!--addToTrolleytabBox GRID VIEW --><!-- Start UserSubscribedOrNot.jspf --><!-- Start UserSubscribedOrNot.jsp --><!-- 
			If the user is not logged in, render this opening 
			DIV adding an addtional class to fix the border top which is removed 
			and replaced by the tabs
		-->
		<div class="addToTrolleytabContainer addItemBorderTop">
	<!-- End AddToSubscriptionList.jsp --><!-- End AddSubscriptionList.jspf --><!-- 
                    ATTENTION!!!
                    <div class="addToTrolleytabContainer">
                    This opening div is inside "../../ReusableObjects/UserSubscribedOrNot.jsp"
                    -->
                    <div class="pricingAndTrolleyOptions">
                    	
                                    <div class="priceTab priceTabContainer activeContainer addItem" id="addItem_951195">
                                       <div class="pricing">
                                           
	<p class="pricePerUnit">
    Â£3.50<abbr title="per">/</abbr><abbr title="unit"><span class="pricePerUnitUnit">unit</span></abbr>
</p>
 
    <p class="pricePerMeasure">Â£0.18<abbr title="per">/</abbr>100<abbr title="millilitre"><span class="pricePerMeasureMeasure">ml</span></abbr>
    </p>

                                       </div>                                      

                                     
                                        <div class="addToTrolleyForm "> 
                                           <!-- BEGIN AddToTrolley.jsp -->

		<form class="addToTrolleyForm" name="OrderItemAddForm_951195" action="OrderItemAdd" method="post" id="OrderItemAddForm_951195">
		    <input type="hidden" name="storeId" value="10151"><input type="hidden" name="langId" value="44"><input type="hidden" name="catalogId" value="10241"><input type="hidden" name="errorViewName" value="CategoryDisplayView"><input type="hidden" name="SKU_ID" value="7767436"><input type="hidden" name="itemType" value=""><label class="access" for="quantity_951194">Quantity</label>
		        
					<input name="quantity" id="quantity_951194" type="text" size="3" value="1" class="quantity"><input type="hidden" name="catEntryId" value="951195"><input type="hidden" name="productId" value="951194"><input type="hidden" name="URL" value="http://www.sainsburys.co.uk/webapp/wcs/stores/servlet/CategoryDisplay?msg=&amp;langId=44&amp;storeId=10151&amp;krypto=DCnawB4kF1P62vJKWOLl4bTQS8HvnyF3y8AtfXIJZn5ESwdXVzWXj9P3bxxViiVRGtM3Cs4oohJ1OwMiSdYs%2FHY2GfWoCOubKwB9oMlZWYtt2S95pi6owxfpfNkcRIBMQ8A0nci97P2SGzTzV6Fv7DT6ViLruLFXAHjC8cEa8C0%3D&amp;ddkey=http%3Agb%2Fgroceries%2Fdrinks%2Ffruit-flavoured"><input type="hidden" name="page" value=""><input type="hidden" name="contractId" value=""><input type="hidden" name="calculateOrder" value="1"><input type="hidden" name="calculationUsage" value="-1,-2,-3"><input type="hidden" name="updateable" value="1"><input type="hidden" name="merge" value="***"><input type="hidden" name="callAjax" value="false"><input class="button process" type="submit" name="Add" value="Add">
</form>
	<!-- END AddToTrolley.jsp -->
        <div class="numberInTrolley hidden numberInTrolley_951194" id="numberInTrolley_951194">
            
        </div>
    
                                        </div>

                                        <!-- BEGIN CatalogEntryRatingsReviewsInfo.jspf --><!-- productAllowedRatingsAndReviews: true -->
    <div class="reviews">
        
	        <a class="numberOfReviews repressive" href="http://reviews.sainsburys.co.uk//8076-en_gb/7767436-P/writereview.htm?submissionurl=http%3A%2F%2Fwww.sainsburys.co.uk%2Fwebapp%2Fwcs%2Fstores%2Fservlet%2FBVReviewSubmitDisplay%3FcatalogId%3D10143%26storeId%3D10151%26recipe%3D%26langId%3D44%26productId%3D7767436-P&amp;return=http%3A%2F%2Fwww.sainsburys.co.uk%2Fwebapp%2Fwcs%2Fstores%2Fservlet%2FCategoryDisplay%3FpageSize%3D100">
	    Write a review
          	</a>
        
    </div>
<!-- END CatalogEntryRatingsReviewsInfo.jspf -->
                                   </div>
                               <!-- Start AddToSubscriptionList.jspf --><!-- Start AddToSubscriptionList.jsp --><!-- End AddToSubscriptionList.jsp --><!-- End AddToSubscriptionList.jspf -->     
                    </div>
                            
                    
                </div>     
            </div>
            <!--ThumbnailRestriction --><!-- END CatalogEntryThumbnailDisplay.jsp -->
	                            </div>
</li>
	                         

	                            <li class="gridItem" style="min-height: 447px;">
	                                <!-- BEGIN CatalogEntryThumbnailDisplay.jsp --><!-- BEGIN MerchandisingAssociationsDisplay.jsp --><!-- Start - JSP File Name:  MerchandisingAssociationsDisplay.jsp --><!-- END MerchandisingAssociationsDisplay.jsp -->
            <div class="product  highlighted specialOffer straplineRow">
                
                <div class="productInfo">
                    <div class="productNameAndPromotions">
                        
                                  <h3>
                                    <a href="http://www.sainsburys.co.uk/shop/gb/groceries/fruit-flavoured/innocent-bubbles-lemon--lime---apple-330ml">
                                        Innocent Bubbles Lemon, Lime &amp; Apple 330ml
                                        <img src="http://c2.sainsburys.co.uk/wcsstore7.20.1.145/ExtendedSitesCatalogAssetStore/images/catalog/productImages/13/5038862333313/5038862333313_L.jpeg" alt=""></a>
                                </h3>
                              
    <div class="promotion">
                   
		            <p><a href="http://www.sainsburys.co.uk/shop/PromotionDisplayView?catalogId=10241&amp;listId=3&amp;langId=44&amp;productId=879212&amp;storeId=10151&amp;promotionId=10222968"><!-- BEGIN include/PromotionStrapline.jspf -->Meal Deal for Â£3.00<br><!-- FINISH include/PromotionStrapline.jspf --></a></p>
		                        
    </div>

                    </div> 
                </div>
                
        <div class="strapline"><a href="http://www.sainsburys.co.uk/shop/PromotionDisplayView?catalogId=10241&amp;listId=3&amp;langId=44&amp;productId=879212&amp;storeId=10151&amp;promotionId=10222968"><img src="/wcsstore7.20.1.145/SainsburysStorefrontAssetStore/wcassets/icons/special/img-special-offer.png" alt="Special Offer"></a></div>
    
                <div class="errorBanner hidden" id="error879213"></div>
                <div class="addToTrolleytabBox">   
                    <!--addToTrolleytabBox GRID VIEW --><!-- Start UserSubscribedOrNot.jspf --><!-- Start UserSubscribedOrNot.jsp --><!-- 
			If the user is not logged in, render this opening 
			DIV adding an addtional class to fix the border top which is removed 
			and replaced by the tabs
		-->
		<div class="addToTrolleytabContainer addItemBorderTop">
	<!-- End AddToSubscriptionList.jsp --><!-- End AddSubscriptionList.jspf --><!-- 
                    ATTENTION!!!
                    <div class="addToTrolleytabContainer">
                    This opening div is inside "../../ReusableObjects/UserSubscribedOrNot.jsp"
                    -->
                    <div class="pricingAndTrolleyOptions">
                    	
                                    <div class="priceTab priceTabContainer activeContainer addItem" id="addItem_879213">
                                       <div class="pricing">
                                           
	<p class="pricePerUnit">
    Â£1.35<abbr title="per">/</abbr><abbr title="unit"><span class="pricePerUnitUnit">unit</span></abbr>
</p>
 
    <p class="pricePerMeasure">Â£0.41<abbr title="per">/</abbr>100<abbr title="millilitre"><span class="pricePerMeasureMeasure">ml</span></abbr>
    </p>

                                       </div>                                      

                                     
                                        <div class="addToTrolleyForm "> 
                                           <!-- BEGIN AddToTrolley.jsp -->

		<form class="addToTrolleyForm" name="OrderItemAddForm_879213" action="OrderItemAdd" method="post" id="OrderItemAddForm_879213">
		    <input type="hidden" name="storeId" value="10151"><input type="hidden" name="langId" value="44"><input type="hidden" name="catalogId" value="10241"><input type="hidden" name="errorViewName" value="CategoryDisplayView"><input type="hidden" name="SKU_ID" value="7749442"><input type="hidden" name="itemType" value=""><label class="access" for="quantity_879212">Quantity</label>
		        
					<input name="quantity" id="quantity_879212" type="text" size="3" value="1" class="quantity"><input type="hidden" name="catEntryId" value="879213"><input type="hidden" name="productId" value="879212"><input type="hidden" name="URL" value="http://www.sainsburys.co.uk/webapp/wcs/stores/servlet/CategoryDisplay?msg=&amp;langId=44&amp;storeId=10151&amp;krypto=DCnawB4kF1P62vJKWOLl4bTQS8HvnyF3y8AtfXIJZn5ESwdXVzWXj9P3bxxViiVRGtM3Cs4oohJ1OwMiSdYs%2FHY2GfWoCOubKwB9oMlZWYtt2S95pi6owxfpfNkcRIBMQ8A0nci97P2SGzTzV6Fv7DT6ViLruLFXAHjC8cEa8C0%3D&amp;ddkey=http%3Agb%2Fgroceries%2Fdrinks%2Ffruit-flavoured"><input type="hidden" name="page" value=""><input type="hidden" name="contractId" value=""><input type="hidden" name="calculateOrder" value="1"><input type="hidden" name="calculationUsage" value="-1,-2,-3"><input type="hidden" name="updateable" value="1"><input type="hidden" name="merge" value="***"><input type="hidden" name="callAjax" value="false"><input class="button process" type="submit" name="Add" value="Add">
</form>
	<!-- END AddToTrolley.jsp -->
        <div class="numberInTrolley hidden numberInTrolley_879212" id="numberInTrolley_879212">
            
        </div>
    
                                        </div>

                                        <!-- BEGIN CatalogEntryRatingsReviewsInfo.jspf --><!-- productAllowedRatingsAndReviews: true -->
    <div class="reviews">
        
            <a class="numberOfReviews" href="http://www.sainsburys.co.uk/shop/gb/groceries/fruit-flavoured/innocent-bubbles-lemon--lime---apple-330ml#reviews">
                <img src="http://c2.sainsburys.co.uk/wcsstore7.20.1.145/SainsburysStorefrontAssetStore/img/stars/rating-5_0.gif" alt="5.0" border="0">Â  
                Reviews (1)
            </a>
        
    </div>
<!-- END CatalogEntryRatingsReviewsInfo.jspf -->
                                   </div>
                               <!-- Start AddToSubscriptionList.jspf --><!-- Start AddToSubscriptionList.jsp --><!-- End AddToSubscriptionList.jsp --><!-- End AddToSubscriptionList.jspf -->     
                    </div>
                            
                    
                </div>     
            </div>
            <!--ThumbnailRestriction --><!-- END CatalogEntryThumbnailDisplay.jsp -->
	                            </div>
</li>
	                         
	            </ul>
<h2 class="access">Product pagination</h2>
<div class="pagination paginationBottom">

    
    <ul class="pages">
<li class="previous">
		        
		        <span class="access">Go to previous page</span>
		        
            </li>

        <li class="current">
<span class="access">Current page </span><span>1</span>
</li>
        
            <li><a href="http://www.sainsburys.co.uk/shop/CategoryDisplay?pageSize=100&amp;searchTerm=&amp;catalogId=10241&amp;orderBy=FAVOURITES_ONLY%7CTOP_SELLERS&amp;top_category=12192&amp;parent_category_rn=12192&amp;listId=&amp;categoryId=12392&amp;langId=44&amp;beginIndex=100&amp;storeId=10151&amp;promotionId="><span class="access">Page </span><span>2</span></a></li>
        
            <li class="next">
        
            <a href="http://www.sainsburys.co.uk/shop/CategoryDisplay?pageSize=100&amp;searchTerm=&amp;catalogId=10241&amp;orderBy=FAVOURITES_ONLY%7CTOP_SELLERS&amp;top_category=12192&amp;parent_category_rn=12192&amp;listId=&amp;categoryId=12392&amp;langId=44&amp;beginIndex=100&amp;storeId=10151&amp;promotionId=">
        
        <span class="access">Go to next page</span>
        
            </a>
        
            </li>
    </ul>
</div>

            </div>
        </div>
    <!-- END ShelfDisplay.jsp --><!-- ********************* ZDAS ESpot Display Start ********************** -->
            <div class="section eSpotContainer bottomESpots">
                <!-- Left POD ESpot Name = Z:DRINKS/Espot_Left -->
                <!-- START ZDASPODDisplay.jsp -->

<div id="sitecatalyst_ESPOT_NAME_Z:DRINKS/Espot_Left" class="siteCatalystTag">Z:DRINKS/Espot_Left</div>

<div class="es es-border-box" style="width: 100%; height: 150px; padding-bottom: 15px; "><div suspendonhover="true" dojotype="dojox.widget.AutoRotator" transition="dojox.widget.rotator.crossFade" id="myAutoRotator1486143633873" class="es-border-box-100  es-transparent-bg" duration=""><div class="es-border-box-100" style="left: 0px; top: 0px; position: absolute;">
<div class="es-border-box-100"><a href="/shop/gb/groceries/drinks/all-wine---champagne#langId=44&amp;storeId=10151&amp;=10070&amp;categoryId=258772&amp;parent_category_rn=12192&amp;top_category=12192&amp;pageSize=30&amp;orderBy=FAVOURITES_ONLY%7CTOP_SELLERS&amp;searchTerm=&amp;beginIndex=0&amp;facet=86&amp;facet=&amp;facet=&amp;facet=&amp;facet="><img src="/wcassets/2017_2018/cycle_01_15_mar/varbws_rangereview_847x135.jpg" alt="New bottles of red, white and rose wine. Find out more."></a></div>
<div class="es-border-box es-white-bg" style="width: 168px; height: 155px; position: absolute; left: 0px; top: 0px; opacity: 1; -ms-filter: progid:DXImageTransform.Microsoft.Alpha(100); filter: alpha(opacity=100);"></div>
<div class="es-border-box" style="width: 168px; height: 155px; position: absolute; left: 0px; top: 0px; padding-left: 15px; padding-top: 10px; padding-right: 15px; padding-bottom: 15px; ">
<div class="es-border-box" style="width: 100%; padding-top: px; "><h3>Introducing...</h3></div>
<div style="width: 100%; padding-top: px; " class="es-border-box"><p>Red, white or rosÃ© to pair with any meal</p></div>
</div>
</div></div></div>
<!-- end of if empty marketingSpotDatas loop--><!-- END ZDASPODDisplay.jsp -->
             </div>   
             
              
                
              <div class="section eSpotContainer bottomESpots">   
	                <!--  Middle POD Espot Name = Z_Default_Espot_Content -->
	                      <!-- START ZDASPODDisplay.jsp -->

<div id="sitecatalyst_ESPOT_NAME_Z_Default_Espot_Content" class="siteCatalystTag">Z_Default_Espot_Content</div>

<!-- end of if empty marketingSpotDatas loop--><!-- END ZDASPODDisplay.jsp --><!--  Right POD Espot Name = Z_Default_Espot_Content-->
	                      <!-- START ZDASPODDisplay.jsp -->

<div id="sitecatalyst_ESPOT_NAME_Z_Default_Espot_Content" class="siteCatalystTag">Z_Default_Espot_Content</div>

<!-- end of if empty marketingSpotDatas loop--><!-- END ZDASPODDisplay.jsp -->
                </div>
            <!-- ********************* ZDAS ESpot Display End ********************** -->
        </div>
        <!-- content End --><!-- auxiliary Start -->
        <div class="aside" id="auxiliary">
            <!-- BEGIN RightHandSide.jspf -->
<div id="auxiliaryDock">
    <!-- BEGIN RightHandSide.jsp -->

<div class="panel loginPanel">
	
    <div id="sitecatalyst_ESPOT_NAME_NZ_Welcome_Back_RHS_Espot" class="siteCatalystTag">NZ_Welcome_Back_RHS_Espot</div>

                    
	<h2>Already a customer?</h2>
    <form name="signIn" method="post" action="LogonView" id="Rhs_signIn">
        <input type="hidden" name="storeId" value="10151"><input type="hidden" name="langId" value="44"><input type="hidden" name="catalogId" value="10241"><input type="hidden" name="URL" value="http://www.sainsburys.co.uk/webapp/wcs/stores/servlet/CategoryDisplay?msg=&amp;langId=44&amp;storeId=10151&amp;krypto=DCnawB4kF1P62vJKWOLl4bTQS8HvnyF3y8AtfXIJZn5ESwdXVzWXj9P3bxxViiVRGtM3Cs4oohJ1OwMiSdYs%2FHY2GfWoCOubKwB9oMlZWYtt2S95pi6owxfpfNkcRIBMQ8A0nci97P2SGzTzV6Fv7DT6ViLruLFXAHjC8cEa8C0%3D&amp;ddkey=http%3Agb%2Fgroceries%2Fdrinks%2Ffruit-flavoured"><input type="hidden" name="logonCallerId" value="LogonButton"><input type="hidden" name="errorViewName" value="CategoryDisplayView"><input class="button process" type="submit" value="Log in">
</form>
    
	<div class="panelFooter">
		<p class="register">Not yet registered? 
		<a class="callToAction" name="register" href="http://www.sainsburys.co.uk/shop/PostcodeCheckView?catalogId=10122&amp;currentPageUrl=http%3A%2F%2Fwww.sainsburys.co.uk%2Fwebapp%2Fwcs%2Fstores%2Fservlet%2FCategoryDisplay%3Fmsg%3D%26langId%3D44%26storeId%3D10151%26krypto%3DDCnawB4kF1P62vJKWOLl4bTQS8HvnyF3y8AtfXIJZn5ESwdXVzWXj9P3bxxViiVRGtM3Cs4oohJ1OwMiSdYs%252FHY2GfWoCOubKwB9oMlZWYtt2S95pi6owxfpfNkcRIBMQ8A0nci97P2SGzTzV6Fv7DT6ViLruLFXAHjC8cEa8C0%253D%26ddkey%3Dhttp%253Agb%252Fgroceries%252Fdrinks%252Ffruit-flavoured&amp;langId=44&amp;storeId=10151"> Register Now</a></p>
	</div>
</div>
<div class="panel imagePanel checkPostCodePanel" id="checkPostCodePanel">
	
    <div id="sitecatalyst_ESPOT_NAME_NZ_Do_We_Deliver_To_You_Espot" class="siteCatalystTag">NZ_Do_We_Deliver_To_You_Espot</div>

        <h2>New customer?</h2>
    

    <p>Enter your postcode to check we deliver in your area.</p>
    
    
      <div id="PostCodeMessageArea" class="errorMessage" style="display:none;">
      </div>
    
	<form name="CheckPostCode" method="post" action="/webapp/wcs/stores/servlet/CheckPostCode" id="Rhs_checkPostCode">
		<input type="hidden" name="langId" value="44"><input type="hidden" name="storeId" value="10151"><input type="hidden" name="currentPageUrl" value="http://www.sainsburys.co.uk/webapp/wcs/stores/servlet/CategoryDisplay?msg=&amp;langId=44&amp;storeId=10151&amp;krypto=DCnawB4kF1P62vJKWOLl4bTQS8HvnyF3y8AtfXIJZn5ESwdXVzWXj9P3bxxViiVRGtM3Cs4oohJ1OwMiSdYs%2FHY2GfWoCOubKwB9oMlZWYtt2S95pi6owxfpfNkcRIBMQ8A0nci97P2SGzTzV6Fv7DT6ViLruLFXAHjC8cEa8C0%3D&amp;ddkey=http%3Agb%2Fgroceries%2Fdrinks%2Ffruit-flavoured"><input type="hidden" name="currentViewName" value="CategoryDisplayView"><input type="hidden" name="messageAreaId" value="PostCodeMessageArea"><div class="field">
			<div class="indicator">
				<label class="access" for="postCode">Postcode</label>
			</div>
			<div class="input">
				<input type="text" name="postCode" id="postCode" maxlength="8" value="">
</div>
		</div>
		<div class="actions">
			<input class="button primary process" type="submit" value="Check postcode">
</div>      
	</form>
</div>
<!-- END RightHandSide.jsp --><!-- BEGIN MiniShopCartDisplay.jsp --><!-- If we get here from a generic error this service will fail so we need to catch the exception -->
		<div class="panel infoPanel">
			<span class="icon infoIcon"></span>
		   	<h2>Important Information</h2>
			<p>Alcohol promotions available to online customers serviced from our Scottish stores may differ from those shown when browsing our site. Please log in to see the full range of promotions available to you.</p>
		</div>
	<!-- END MiniShopCartDisplay.jsp -->
</div>
<!-- END RightHandSide.jspf -->
        </div>
        <!-- auxiliary End -->
    </div>
    <!-- Main Area End --><!-- Footer Start --><!-- BEGIN LayoutContainerBottom.jspf --><!-- BEGIN FooterDisplay.jspf -->


<div id="globalFooter" class="footer">
    <ul>
<li><a href="http://www.sainsburys.co.uk/privacy">Privacy policy</a></li>
	<li><a href="http://www.sainsburys.co.uk/cookies">Cookie policy</a></li>
	<li><a href="http://www.sainsburys.co.uk/terms">Terms &amp; conditions</a></li>
	<li><a href="http://www.sainsburys.co.uk/accessibility">Accessibility</a></li>
	<li><a href="http://help.sainsburys.co.uk/" rel="external" target="_blank" title="Opens in new window">Help Centre<span class="access"> (opens in a new window/tab)</span></a></li>
	<li><a href="http://help.sainsburys.co.uk/help/how_to_contact_us">Contact us</a></li>
	<li><a href="/webapp/wcs/stores/servlet/DeviceOverride?deviceId=-21&amp;langId=44&amp;storeId=10151">Mobile</a></li>
</ul>
</div>

<!-- END FooterDisplay.jspf --><!-- END LayoutContainerBottom.jspf --><!-- Footer Start End -->
    </div>
    <!--// End #page  --><!-- Bright Tagger start -->

	<div id="sitecatalyst_ws" class="siteCatalystTag"></div>
	
    <script type="text/javascript">
        var brightTagStAccount = 'sp0XdVN';
    </script><noscript>
        &lt;iframe src="//s.thebrighttag.com/iframe?c=sp0XdVN" width="1" height="1" frameborder="0" scrolling="no" marginheight="0" marginwidth="0"&gt;&lt;/iframe&gt;
    </noscript>
<!-- Bright Tagger End -->
 <script type="text/javascript">
 (function(){
 
    
    
        digitalData.page = {pageInfo:{},events:[]}; //If there is no event then create an event array
    
        var pageName = '' ? document.body.id+':':document.body.id; digitalData.page.pageInfo.pageName =pageName;
        var breadCrumb = document.querySelectorAll('#breadcrumbNavList > li > a,#breadcrumbNavList > li > strong,#breadcrumbNavList > li > span > strong');
        var element = [];
        for (var i=0,il=breadCrumb.length; i<il; i++) {
            element.push(breadCrumb[i].textContent.trim());
        }
        var bElement = element ? element.join('::'):'';
        
    
                if (bElement.length > 0 && bElement.trim()) { 
                    digitalData.page.pageInfo.breadCrumbs = 'Groceries::' + bElement;
                }
        

    var messagesDD;
    
    
	    digitalData.user = {
	        profile : {
	            profileInfo : {
	                websphereId : '',
	                deliveryPostcode: '',
	                deliveryStoreId: '',
	                deliverySlot: '',
	                deliveryCost: '',
	                deliveryOption: '',
	                deliveryType: '',
	                shoppingmode: '',
	                isSameDay: '',
	                blueMartini:''
	            }
	        } 
	    };
    
        
})();
</script><!-- END CategoriesDisplay.jsp --><div class="tooltip" id="JSTooltip" style="position: absolute; left: -999px; top: -999px;"><div class="tooltipInner">
<a href="#" class="closeTooltip" id="JSTooltipClose">Close<span class="access"> this tooltip and return to the page</span></a><div class="tooltipText" id="JSTooltipText"></div>
<div class="tooltipArrow" id="JSTooltipArrow"></div>
</div></div>
<!-- ClickTale Bottom part -->

<!-- ClickTale end of Bottom part --><script type="text/javascript" src="http://cdn.clicktale.net/www16/ptc/5ea22b8e-c62f-443c-a41b-bb50b30c6fc6.js"></script><script type="text/javascript">// Copyright 2006-2017 ClickTale Ltd., US Patent Pending
// PID: 194
// WR destination: www16
// WR version: latest
// Recording ratio: 0.1
// Generated on: 3/19/2017 2:35:39 PM (UTC 3/19/2017 7:35:39 PM)
(function (){
	var dependencyCallback;
        var scriptSyncTokens = ["wr"];
        var ct2Callback, isRecorderReady;
    var dependencies = scriptSyncTokens.slice(0);
    var clickTaleOnReadyList = window.ClickTaleOnReadyList || (window.ClickTaleOnReadyList = []);
    var indexOf = (function(){if(Array.prototype.indexOf){return function(array,value){return array.indexOf(value)}}return function(array,value){var length=array.length;for(var i=0;i<length;i++){if(array[i]===value){return i}}return -1}})();
    function isValidToken(token) {
        if (indexOf(scriptSyncTokens, token) > -1) {
            var index = indexOf(dependencies, token);

            if (index > -1) {
                dependencies.splice(index, 1);
                return true;
            }
        }

        return false;
    }

    clickTaleOnReadyList.push(function () {
        if (ct2Callback) {
            ct2Callback();
        }

        isRecorderReady = true;
    });

    window.ClickTaleGlobal = window.ClickTaleGlobal || {};
    ClickTaleGlobal.scripts = ClickTaleGlobal.scripts || {};
    ClickTaleGlobal.scripts.dependencies = {
        setDependencies: function (deps) {
            scriptSyncTokens = deps;
        },
        onDependencyResolved: function (callback) {
            dependencyCallback = callback;
        },
        notifyScriptLoaded: function (token) {
            if (isValidToken(token)) {
                if (dependencies.length === 0 && typeof dependencyCallback === "function") {
                    dependencyCallback();
                }
            }
        }
    };

    ClickTaleGlobal.scripts.integration = {
        onReady: function (callback) {
            if (isRecorderReady) {
                callback();
            }
            else {
                ct2Callback = callback;
            }
        }
    };
})();




function ClickTaleCDNHTTPSRewrite(u)
{
	try
	{
		var scripts = document.getElementsByTagName('script');
		if(scripts.length)
		{
			var script = scripts[ scripts.length - 1 ], s='https://clicktalecdn.sslcs.cdngc.net/';
			if(script.src && script.src.substr(0,s.length)==s )
				return u.replace('https://cdnssl.clicktale.net/',s);
		}
	}
	catch(e)
	{
	}
	return u;
} 

window.ClickTaleIsXHTMLCompliant = true;
if (typeof (ClickTaleCreateDOMElement) != "function")
{
	ClickTaleCreateDOMElement = function(tagName)
	{
		if (document.createElementNS)
		{
			return document.createElementNS('http://www.w3.org/1999/xhtml', tagName);
		}
		return document.createElement(tagName);
	}
}

if (typeof (ClickTaleAppendInHead) != "function")
{
	ClickTaleAppendInHead = function(element)
	{
		var parent = document.getElementsByTagName('head').item(0) || document.documentElement;
		parent.appendChild(element);
	}
}

if (typeof (ClickTaleXHTMLCompliantScriptTagCreate) != "function")
{
	ClickTaleXHTMLCompliantScriptTagCreate = function(code)
	{
		var script = ClickTaleCreateDOMElement('script');
		script.setAttribute("type", "text/javascript");
		script.text = code;
		return script;
	}
}	

var pccScriptElement = ClickTaleCreateDOMElement('script');
pccScriptElement.type = "text/javascript";
pccScriptElement.src = (document.location.protocol=='https:'?
ClickTaleCDNHTTPSRewrite('https://cdnssl.clicktale.net/www16/pcc/5ea22b8e-c62f-443c-a41b-bb50b30c6fc6.js?DeploymentConfigName=Release_20170316&Version=2'):
'http://cdn.clicktale.net/www16/pcc/5ea22b8e-c62f-443c-a41b-bb50b30c6fc6.js?DeploymentConfigName=Release_20170316&Version=2');
ClickTaleGlobal.init.isAllowed && document.body.appendChild(pccScriptElement);
	
if (typeof window.ClickTaleScriptSource == 'undefined') {
	window.ClickTaleScriptSource=(document.location.protocol=='https:'
		?ClickTaleCDNHTTPSRewrite('https://cdnssl.clicktale.net/www/')
		:'http://cdn.clicktale.net/www/');
}


// Start of user-defined pre WR code (PreLoad)
!function() { function ClickTaleMonitorSettings() { this.started = !1, this.stopCallbacks = [], this.readyCallbacks = [], this.startCallbacks = [] } function createElement(t) { if (document.documentElement.namespaceURI) try { return document.createElementNS("http://www.w3.org/1999/xhtml", t) } catch (t) {} return document.createElement(t) } function createMonitorScript(t) { var n, i; (i = document.body || document.head) && (n = createElement("script"), n.src = t, n.async = !0, n.type = "text/javascript", i.appendChild(n)) } function invokeMonitor(t, n) { var i = ClickTaleMonitorSettings.instance; if (i && i.monitor) return i.monitor[t].apply(i.monitor, n) } if (ClickTaleMonitorSettings.onReady = function(t, n) { for (var i, o = ClickTaleMonitorSettings.get(), e = o.readyCallbacks, c = e.length, r = 0; r < c; r++) e[r](); ClickTaleMonitor.Settings.get().configure({ transport: { url: "https://ir-conductor.clicktale.net/monitor" } }); o.started || (i = new ClickTaleMonitor.App(114,function(t) { o.started = !0, o.addApplication(t), o.startCallbacks.forEach(function(t) { t() }) } ,t,n), i.onStop(function(t) { o && (o.stopCallbacks.forEach(function(t) { t() }), ClickTaleMonitorSettings.instance = void 0) })) } , ClickTaleMonitorSettings.prototype.addApplication = function(t) { this.monitor = t } , ClickTaleMonitorSettings.prototype.configure = function(t) { this.config = t } , ClickTaleMonitorSettings.prototype.onStart = function(t) { this.monitor && this.monitor.isMonitoring() ? t() : this.startCallbacks.push(t) } , ClickTaleMonitorSettings.prototype.onStop = function(t) { this.stopCallbacks.push(t) } , ClickTaleMonitorSettings.prototype.onReady = function(t) { this.readyCallbacks.push(t) } , ClickTaleMonitorSettings.get = function() { return ClickTaleMonitorSettings.instance || (ClickTaleMonitorSettings.instance = new ClickTaleMonitorSettings) } , Object.defineProperty) try { Object.defineProperty(ClickTaleMonitorSettings, "config", { get: function() { return ClickTaleMonitorSettings.instance ? ClickTaleMonitorSettings.instance.config : null }, enumerable: !0, configurable: !0 }) } catch (t) {} window.ClickTaleMonitor = { stop: function() { invokeMonitor("dispose") }, restart: function(t, n) { ClickTaleMonitor.stop(), ClickTaleMonitorSettings.onReady(t, n) }, shutdown: function() { invokeMonitor("shutdown") }, addEvent: function(t) { invokeMonitor("addEvent", [t]) }, isMonitoring: function() { return !!invokeMonitor("isMonitoring") }, Settings: ClickTaleMonitorSettings }, createMonitorScript("https://cdna.clicktale.net/www/tc/monitor-1.3.9.js"); }();

//PTC Code Version 7

window.ClickTaleSettings = window.ClickTaleSettings || {};
window.ClickTaleSettings.PTC = window.ClickTaleSettings.PTC || {};
//set the following property only when there are No Load errors in recordings
//window.ClickTaleIncludedOnWindowLoad = true;
//Remove the next line if not using XHTML compliant configuration.
window.ClickTaleIncludedOnDOMReady = true;
window.ClickTaleSettings.PTC.EnableChangeMonitor = false;
window.ClickTaleSettings.PTC.UseTransport = true;
window.ClickTaleUIDCookieName = 'WRUIDAWS';

function deleteIrrelevantUIDCookies(relevant) {
    var cookieArray = document.cookie.replace(/\s+/g, '').split(";");
    var hostArray = location.host.split('.');
    var topDom = (hostArray.length <= 2 ? location.host : hostArray.slice(1).join('.'));
    for (var i = 0; i < cookieArray.length; i++) {
        var currentCookie = cookieArray[i];
        var cookieKey = currentCookie.substring(0, currentCookie.indexOf('='));
        if (cookieKey.indexOf('WRUID') > -1 && relevant.indexOf(cookieKey) == -1) {
            document.cookie = cookieKey + "='';domain=." + topDom + ";path=/;expires=Thu, 01-Jan-1970 00:00:01 GMT;";
            document.cookie = cookieKey + "='';path=/;expires=Thu, 01-Jan-1970 00:00:01 GMT;";
        }
    }
}
deleteIrrelevantUIDCookies([window.ClickTaleUIDCookieName]);

window.ClickTaleSettings.CheckAgentSupport = function (f, v) {
    if (v.t == v.IE && v.v <= 8) {
        window.ClickTaleSettings.PTC.okToRunPCC = false;
        return false;
    }
    else {
        if (!(v.t == v.IE && v.v <= 10)) {
            window.ClickTaleSettings.PTC.EnableChangeMonitor = true;
            window.ClickTaleSettings.PTC.ConfigChangeMonitor();
        }
        var fv = f(v);
        window.ClickTaleSettings.PTC.okToRunPCC = fv;
        mobileFlagForReWriteRules = false;
        if (v.m) {
            mobileFlagForReWriteRules = true;
        }
        return fv;

    }
};
window.ClickTaleSettings.Persistence = {
    EnableStorage: true,
    EnableStreams: true,
    EnableDispatch: true,
    AutoDispatch: true, //v.15.2 and above; default is true, when false message will be dispatched when calling ClickTaleDispatchPersistedMessages -
    Providers: ["hybrid"] //v.15.2 and above; can also be: "indexedDB" or "localStorage"
};

window.ClickTaleSettings.Protocol = {
    Method: "ImpactRecorder"
};

window.ClickTaleSettings.Proxy = {
    WR: "ir-ing-district.clicktale.net/ctn_v2/",
    ImageFlag: "ir-ing-district.clicktale.net/ctn_v2/"
};

window.ClickTaleSettings.PTC.RulesObj = [{
    selector: "input[type=\"text\"], input[type=\"tel\"], input[type=\"email\"]",
    changeMon: {
        Attributes: ['value'],
        Text: false
    },
    rewriteApi: {
        Attributes: ['value'],
        Text: false
    }
}, {
    selector: ".orderDetail div.adr>div,.orderDetail dd.noMargin,.orderDetail dd:last-child,table.checkout tr:last-child a , a.loggedInContactName,.hello strong,.adr .street-address,.adr .region,.adr .postal-code",
    changeMon: {
        Attributes: false,
        Text: true
    },
    rewriteApi: {
        Attributes: false,
        Text: true
    }
}, {
    selector: ".orderNumber+.orderSummary dt",
    changeMon: {
        Attributes: false,
        Text: true
    },
    rewriteApi: {
        Attributes: false,
        Text: true
    },
    location: {
        prop: 'pathname',
        search: /\/sol\/my_account\/(scheduled|previous)_orders\.jsp/i
    }
}, {
    selector: "table.orders>tbody>tr>td:first-child",
    changeMon: {
        Attributes: false,
        Text: true
    },
    rewriteApi: {
        Attributes: false,
        Text: true
    },
    location: {
        prop: 'pathname',
        search: /\/sol\/my_account\/myorders\.jsp/i
    }
}];

window.ClickTaleSettings.PTC.RulesObjRemoveEls = [
];

; (function () {
    if (typeof window.ClickTalePIISelector === 'string' && window.ClickTalePIISelector != '') {
        try {
            var domNodes = document.querySelectorAll(window.ClickTalePIISelector);
            if (domNodes) {
                window.ClickTaleSettings.PTC.RulesObj.push({
                    selector: window.ClickTalePIISelector,
                    changeMon: {
                        Attributes: ['value'],
                        Text: true
                    },
                    rewriteApi: {
                        Attributes: ['value'],
                        Text: true
                    }
                });
            }
        }
        catch (err) {
        }
    }
})();

window.ClickTaleSettings.PTC.cloneNodeIE9 = function (node) {
    var clone = node.nodeType === 3 ? document.createTextNode(node.nodeValue) : node.cloneNode(false);

    var child = node.firstChild;
    while (child) {
        if (child.nodeName !== 'SCRIPT') {
            clone.appendChild(window.ClickTaleSettings.PTC.cloneNodeIE9(child));
        }
        else {
            var script = document.createElement('script');
            clone.appendChild(script);
        }
        child = child.nextSibling;
    }

    return clone;
};

window.ClickTaleSettings.PTC.ConfigChangeMonitor = function () {

    if (window.ClickTaleSettings.PTC.EnableChangeMonitor) {
        window.ClickTaleSettings.XHRWrapper = {
            Enable: false
        };

        var script = document.createElement("SCRIPT");
        script.src = (document.location.protocol === "https:" ? "https://cdnssl." : "http://cdn.") + "clicktale.net/www/ChangeMonitor-latest.js";
        document.body.appendChild(script);

        window.ClickTaleSettings.ChangeMonitor = {
            Enable: true,
            LiveExclude: true,
            AddressingMode: "id",
            OnReadyHandler: function (changeMonitor) {
                changeMonitor.observe();
            },
            OnBeforeReadyHandler: function (settings) {
                settings.Enable = window.ClickTaleGetUID ? !!ClickTaleGetUID() : false;
                return settings;
            },
            PII: {
                Text: [
                    {
                        selector: ".infoTable tbody tr td",
                        transform: function (el) {
                            var newParentNode = el;
                            var counter = 0
                            var needToMask = false;
                            var text = el.textContent;

                            while (newParentNode.nodeName.toLowerCase() != 'tr' && newParentNode.nodeName.toLowerCase() != 'body' && counter < 7) {
                                counter++;
                                if (newParentNode.parentNode) {
                                    newParentNode = newParentNode.parentNode;
                                }
                            }
                            if (newParentNode.nodeName.toLowerCase() == 'tr') {
                                if (newParentNode.textContent.toLowerCase().indexOf('delivery address') > -1) {
                                    needToMask = true;
                                }
                            }

                            if (needToMask) {
                                return text.replace(/\w/g, '-');
                            }
                            else {
                                return text;
                            }
                        }
                    },
					{
					    selector: ".addressList li", // Masking changes that happen to reserved delivery time and address box when changing delivery slot
					    transform: function (el) {
					        return "-------";
					    }
					},
                    {
                        selector: "select#Shipping_selectAddress option", // Masking changes that happen to shiping select address
                        transform: function (el) {
                            var text = el.textContent;
                            return text.replace(/\w/g, '-');
                        }
                    },
                    {
                        selector: 'select[name="listOfPaymentInstructions"] option', // Masking changes that happen to list Of Payment Instructions
                        transform: function (el) {
                            var text = el.textContent;
                            return text.replace(/\w/g, '-');
                        }
                    }
                    ,
                    {
                        selector: 'span.postcode', // Masking changes that happen to postcode when the popup appear
                        transform: function (el) {
                            var text = el.textContent;
                            return text.replace(/\w/g, '-');
                        }
                    }
                ],
                Attribute: [
                    {
                        selector: "select#expiryMonth option",
                        transform: function (el) {
                            var attrs = el.attributes;
                            var attrsToReturn = {}
                            for (var i = 0; i < attrs.length; i++) {
                                var name = attrs[i].nodeName;
                                attrsToReturn[name] = attrs[i].nodeValue;
                            }
                            attrsToReturn['value'] = '--';
                            return attrsToReturn;
                        }
                    },
                    {
                        selector: "select#expiryYear option",
                        transform: function (el) {
                            var attrs = el.attributes;
                            var attrsToReturn = {}
                            for (var i = 0; i < attrs.length; i++) {
                                var name = attrs[i].nodeName;
                                attrsToReturn[name] = attrs[i].nodeValue;
                            }
                            attrsToReturn['value'] = '--';
                            return attrsToReturn;
                        }
                    },
                    {
                        selector: "select#Billing_selectAddress option",
                        transform: function (el) {
                            var attrs = el.attributes;
                            var attrsToReturn = {}
                            for (var i = 0; i < attrs.length; i++) {
                                var name = attrs[i].nodeName;
                                attrsToReturn[name] = attrs[i].nodeValue;
                            }
                            attrsToReturn['value'] = '---------------';
                            return attrsToReturn;
                        }
                    }
                ]
            },
            Filters: {
                MaxBufferSize: 1500000,
                MaxElementCount: 30000,
                Before: [function (mutations) {
                    if (typeof ClickTaleSettings.PTC.CMBeforeFilter === 'function') {
                        return ClickTaleSettings.PTC.CMBeforeFilter(mutations);
                    }
                    return true;
                }
                ]
            }
        }
        var RulesObj = window.ClickTaleSettings.PTC.RulesObj;
        if (RulesObj) {
            window.ClickTaleSettings.ChangeMonitor.PII.Text = window.ClickTaleSettings.ChangeMonitor.PII.Text || [];
            window.ClickTaleSettings.ChangeMonitor.PII.Attributes = window.ClickTaleSettings.ChangeMonitor.PII.Attributes || [];
            for (var i = 0; i < RulesObj.length; i++) {
                var CMrule = RulesObj[i]['changeMon'];
                var CMlocation = RulesObj[i]['location'];
                if (!CMrule || (CMlocation && document.location[CMlocation['prop']].toLowerCase().search(CMlocation.search) === -1)) {
                    continue;
                }
                var selector = RulesObj[i]['selector'];
                var attributesArr = CMrule.Attributes;
                if (attributesArr instanceof Array) {
                    for (var u = 0; u < attributesArr.length; u++) {
                        var attr = attributesArr[u];
                        window.ClickTaleSettings.ChangeMonitor.PII.Attributes.push({
                            selector: selector,
                            transform: (function (attr) {
                                return function (el) {
                                    var attrs = el.attributes;
                                    var attrsToReturn = {}
                                    for (var i = 0; i < attrs.length; i++) {
                                        var name = attrs[i].nodeName;
                                        attrsToReturn[name] = attrs[i].nodeValue;
                                    }
                                    var attrib = el.getAttribute(attr);;
                                    if (typeof attrib === 'string') {
                                        attrsToReturn[attr] = attrib.replace(/\w/g, '-');
                                    }
                                    return attrsToReturn;
                                }
                            })(attr)
                        });
                    }
                }
                if (CMrule.Text) {
                    window.ClickTaleSettings.ChangeMonitor.PII.Text.push({
                        selector: selector,
                        transform: function (el) {
                            return el.textContent.replace(/\w/g, '-');
                        }
                    });
                }
            }
        }
    }
};

window.ClickTaleSettings.Compression = {
    Method: function () {
        return "deflate";
    }
};

window.ClickTaleSettings.Transport = {
    Legacy: false,
    MaxConcurrentRequests: 5
};

window.ClickTaleSettings.RewriteRules = {
    OnBeforeRewrite: function (rewriteApi) {
        var bodyClone = ((document.documentMode && document.documentMode <= 9) ? ClickTaleSettings.PTC.cloneNodeIE9(document.documentElement) : document.documentElement.cloneNode(true));

        if (window.ClickTaleSettings.PTC.RulesObj) {
            rewriteApi.add(function (buffer) {


                var RulesObj = window.ClickTaleSettings.PTC.RulesObj;
                for (var i = 0; i < RulesObj.length; i++) {
                    var rewriteApirule = RulesObj[i]['rewriteApi'];
                    var rewriteApilocation = RulesObj[i]['location'];
                    if (!rewriteApirule || (rewriteApilocation && document.location[rewriteApilocation['prop']].toLowerCase().search(rewriteApilocation.search) === -1)) {
                        continue;
                    }
                    var selector = RulesObj[i]['selector'];
                    var elements = bodyClone.querySelectorAll(selector);

                    Array.prototype.forEach.call(elements, function (el, ind) {
                        var attributesArr = rewriteApirule.Attributes;
                        if (attributesArr instanceof Array) {

                            for (var u = 0; u < attributesArr.length; u++) {
                                var attr = attributesArr[u];
                                var attrib = el.getAttribute(attr);
                                if (typeof attrib === 'string') {
                                    el.setAttribute(attr, attrib.replace(/\w/g, '-'));
                                }
                            }

                        }
                        if (rewriteApirule.Text) {
                            var children = el.childNodes;
                            Array.prototype.forEach.call(children, function (child) {
                                if (child && child.nodeType === 3) {
                                    child.textContent = child.textContent.replace(/\w/g, '-');
                                }
                            });
                        }
                    });
                }

                //work on body
                var RulesObjRemoveEls = window.ClickTaleSettings.PTC.RulesObjRemoveEls;
                if (RulesObjRemoveEls) {
                    for (var i = 0; i < RulesObjRemoveEls.length; i++) {
                        if (RulesObjRemoveEls[i].rewriteApi) {
                            var elementsToRemove = bodyClone.querySelectorAll(RulesObjRemoveEls[i].rewriteApi);
                            Array.prototype.forEach.call(elementsToRemove, function (el, ind) {
                                if (el.parentNode) {
                                    el.parentNode.removeChild(el);
                                }
                            });
                        }
                        if (RulesObjRemoveEls[i].rewriteApiReplace) {
                            var elementsToReplace = bodyClone.querySelectorAll(RulesObjRemoveEls[i].rewriteApiReplace);
                            Array.prototype.forEach.call(elementsToReplace, function (el, ind) {
                                if (el.parentNode) {
                                    var comment = document.createComment(el.outerHTML);
                                    el.parentNode.replaceChild(comment, el);
                                }
                            });
                        }
                    }
                }

                buffer = buffer.replace(/(<body[^>]*>)[\s\S]*?<\/body>/gi, function (m, g1) {
                    if (g1) {
                        return g1 + bodyClone.innerHTML.replace(/<script\b([^>]*)>([\s\S]*?)<\/script>/gi, '<script><\/script>').replace(/(<div id="?ClickTaleDiv"?[^>]+>)\s*<script[^>]+><\/script>\s*(<\/div>)/i, '$1$2') + '<\/body>';
                    }
                    return m;
                });

                return buffer;
            });
        }
        rewriteApi.add({
            pattern: /(<head[^>]*>)/i,
            replace: '$1<script type="text\/javascript" class="cm-ignore" src="http:\/\/dummytest.clicktale-samples.com\/GlobalResources\/jquery.js"><\/script>'
        });
        rewriteApi.add(function (buffer) {
            buffer = buffer.replace(/(<div[^>]*id="deliveryInfoPanel"[^>]*>[\s\S]*?<span[^>]*class="postcode"[^>]*>)([^"]+?)(<\/span>)/i, function (m, g1, g2, g3) {
                if (g1 && g2 && g3) {
                    return g1 + g2.replace(/\w/g, '-') + g3;
                }
                return m;
            });
            return buffer;
        });
        //Masking PII cases for SAIN-31



        rewriteApi.add(function (buffer) { //delivery address (at the delivering information box) - accross the site t = 0.000469953
            buffer = buffer.replace(/(span[^>]*class="postcode">)([\s\S]+?)(<\/span>)/i, function (m, g1, g2, g3) {
                if (g1 && g2 && g3) {
                    if (g2.indexOf('fulfilmentLocation') > -1) {
                        return m;
                    }
                    return g1 + g2.replace(/\w/g, '-') + g3;
                }
                return m;

            });
            return buffer;
        });
        rewriteApi.add(function (buffer) { //delivery address (at the delivering information box) - accross the site t = 0.000469953
            buffer = buffer.replace(/(a[^>]*class="fulfilmentLocation"[^>]*>)([\s\S]+?)(<\/a>)/i, function (m, g1, g2, g3) {
                if (g1 && g2 && g3) {
                    return g1 + g2.replace(/\w/g, '-') + g3;
                }
                return m;

            });
            return buffer;
        });

        rewriteApi.add(function (buffer) { //address details at Delivery Page t = 0.001250125
            buffer = buffer.replace(/(<ul[^>]*addressList[^>]*>)([\s\S]+?)(<\/ul>)/i, function (m, g1, g2, g3) {
                if (g1 && g2 && g3) {
                    return g1 + g2.replace(/(<li[^>]*?>)([\s\S]+?)(<\/li)/img, '$1----$3') + g3;
                }
                return m;

            });
            return buffer;
        });

        rewriteApi.add(function (buffer) { // Masking changes that happen to billing select address 0.0009
            buffer = buffer.replace(/(<select[^>]*Billing_selectAddress[^>]*>)([\s\S]+?)(<\/select>)/i, function (m, g1, g2, g3) {
                if (g1 && g2 && g3) {
                    return g1 + g2.replace(/(<option[^>]*>)([\s\S]+?)(<\/option>)/img, '$1----------$3') + g3;
                }
                return m;

            });
            return buffer;
        });
        rewriteApi.add(function (buffer) { // Masking changes that happen to shiping select address 0.0008
            buffer = buffer.replace(/(<select[^>]*Shipping_selectAddress[^>]*>)([\s\S]+?)(<\/select>)/i, function (m, g1, g2, g3) {
                if (g1 && g2 && g3) {
                    return g1 + g2.replace(/(<option[^>]*>)([\s\S]+?)(<\/option>)/img, '$1----------$3') + g3;
                }
                return m;

            });
            return buffer;
        });
        rewriteApi.add(function (buffer) { // Masking changes that happen to list Of Payment Instructions 0.00038
            buffer = buffer.replace(/(<select[^>]*name="listOfPaymentInstructions"[^>]*>)([\s\S]+?)(<\/select>)/i, function (m, g1, g2, g3) {
                if (g1 && g2 && g3) {
                    return g1 + g2.replace(/(<option[^>]*>)([\s\S]+?)(<\/option>)/img, '$1----------$3') + g3;
                }
                return m;

            });
            return buffer;
        });

        rewriteApi.add(function (buffer) { // Masking changes that happen to list Of Payment Instructions 0.00038
            buffer = buffer.replace(/(<input[^>]*id="cardNumber"[^>]*value=")([^"]*)("[^>]*>)/i, function (m, g1, g2, g3) {
                if (g1 && g2 && g3) {
                    return g1 + g2.replace(/[\w\W]/mig, '-') + g3;
                }
                return m;

            });
            return buffer;
        });

        rewriteApi.add(function (buffer) { // Masking changes that happen to credit card expire date - year -  0.000320032
            buffer = buffer.replace(/(<select[^>]*id="expiryYear"[^>]*>[\s\S]*?<option[^>]*selected[^>]*>)([\s\S]*?)(<\/option>)/i, function (m, g1, g2, g3) {
                if (g1 && g2 && g3) {
                    return g1 + g2.replace(/[\w\W]/ig, '-') + g3;
                }
                return m;

            });
            return buffer;
        });

        rewriteApi.add(function (buffer) { // Masking changes that happen to credit card expire date - month -  0.000320032
            buffer = buffer.replace(/(<select[^>]*id="expiryMonth"[^>]*>[\s\S]*?<option[^>]*selected[^>]*>)([\s\S]*?)(<\/option>)/i, function (m, g1, g2, g3) {
                if (g1 && g2 && g3) {
                    return g1 + g2.replace(/[\w\W]/ig, '-') + g3;
                }
                return m;

            });
            return buffer;
        });

        rewriteApi.add(function (buffer) { //user name t = 0.000720072
            buffer = buffer.replace(/(<p[^>]*homepageGreeting[^>]*>)([\s\S]+?)(<\/p>)/i, function (m, g1, g2, g3) {
                if (g1 && g2 && g3) {
                    return g1 + g2.replace(/\w/g, '-') + g3;
                }
                return m;

            });
            return buffer;
        });

        if (document.location.pathname && (document.location.pathname.indexOf("/webapp/wcs/stores/servlet/OrderBillingView") > -1)) {//Checkout page, delivery details

            rewriteApi.add(function (buffer) { //t = 0.001250125
                buffer = buffer.replace(/(<a[^>]*?servlet\/MyAddress[^>]*?>)([\s\S]*?)(<)/i, function (m, g1, g2, g3) {
                    if (g1 && g2 && g3) {
                        return g1 + g2.replace(/\w/g, '-') + g3;
                    }
                    return m;
                });
                return buffer;
            });

        } else if (document.location.pathname && (document.location.pathname.indexOf("webapp/wcs/stores/servlet/OrderShippingBillingConfirmationView") > -1)) {//Checkout page, delivery details

            rewriteApi.add(function (buffer) { //Email to which the confirmation will be sent t = 0.000730073
                buffer = buffer.replace(/(emailed to[\s\S]+?)(<\/strong>)([\s\S]+?)(<\/p>)/i, function (m, g1, g2, g3, g4) {
                    if (g1 && g2 && g3 && g4) {
                        return g1 + g2 + g3.replace(/\w/g, '-') + g4;
                    }
                    return m;
                });
                return buffer;
            });

            rewriteApi.add(function (buffer) { //Order number t = 0.000420042
                buffer = buffer.replace(/(checkoutNumberConfirmation[\s\S]+?)(<strong>)([\s\S]+?)(<\/strong>)/i, function (m, g1, g2, g3, g4) {
                    if (g1 && g2 && g3 && g4) {
                        return g1 + g2 + g3.replace(/\w/g, '-') + g4;
                    }
                    return m;
                });
                return buffer;
            });

            rewriteApi.add(function (buffer) { //Delivery address t = 0.00070007
                buffer = buffer.replace(/(Delivery address[\s\S]+?)(<td>)([\s\S]+?)(<\/td>)/i, function (m, g1, g2, g3, g4) {
                    if (g1 && g2 && g3 && g4) {
                        return g1 + g2 + g3.replace(/\w/g, '-') + g4;
                    }
                    return m;
                });
                return buffer;
            });
            rewriteApi.add(function (buffer) { //order id  t = 0.000730073
                buffer = buffer.replace(/(<div[^>]*id="orderAmendRHSPanel"[^>]*>[\s\S]*?<a[^>]*onclick="[^"]*\/servlet\/OrderSummaryDisplay[^"]*[^>]*>)([\s\S]*?)(<\/a>)/i, function (m, g1, g2, g3) {
                    if (g1 && g2 && g3) {
                        return g1 + g2.replace(/\w/g, '-') + g3;
                    }
                    return m;
                });
                return buffer;
            });

        }
        // SAIS-7

        if (mobileFlagForReWriteRules) {
            if (document.location.href.indexOf('tustorefront/my-account') > -1) {
                rewriteApi.add({
                    pattern: /(class="addressHead">)([\s\S]*?)(<\/[\s\S]*?">)([\s\S]*?)(<\/div>)/i,
                    replace: '$1********$3********$5'
                });
                rewriteApi.add({
                    pattern: /(accountDeliveryName">)[\s\S]*?(<\/ul>)/gmi,
                    replace: '$1********<\/li><li>*****<\/li><li>*****<\/li><li>*****<\/li><li>*****<\/li>$2'
                });
            }
        }
        //My Account
        if (document.location.href.indexOf('https://tuclothing.sainsburys.co.uk/tustorefront/my-account') > -1) {
            // Works for Desktop+Mobile
            rewriteApi.add({
                pattern: /(class="feature-banner-text"[\s\S]*?<(h4|h2)>)([\s\S]*?)(<\/h)/i,
                replace: '$1********$4'
            });
            //Order details
            rewriteApi.add({
                pattern: /(<div class="stage[\s\S]*?<\/h3>)([\s\S]*?)(<\/div>)/gmi,
                replace: '$1********$3'
            });
            // For address book
            rewriteApi.add({
                pattern: /(id="address_book"[\s\S]+<th>)([\s\S]*?)(<\/th>[\s\S]*?<td>)([\s\S]*?)(<\/td>)/i,
                replace: '$1********$3*********$5'
            });

        } else if (document.location.href.indexOf('https://tuclothing.sainsburys.co.uk/tustorefront/checkout/multi/choose-delivery-method') > -1) {
            rewriteApi.add({
                pattern: /(<input id="continue"[\s\S]*?<td>)([\s\S]*?)(<\/td>)/gmi,
                replace: '$1********$3'
            });
        } else if (document.location.href.indexOf('tustorefront/checkout/multi/orderSummary') > -1) {
            rewriteApi.add({
                pattern: /(<p class="delivery-name">)([\s\S]*?)(<\/p>)/i,
                replace: '$1 ***,***, ***, ***, ***$3'
            });
        }
        rewriteApi.add({
            pattern: /(class="logged_in">Hello )[\s\S]*?(<\/li>)/gmi,
            replace: '$1********$3'
        });
    }
};

// End of user-defined pre WR code


window.ClickTalePrevOnReady = typeof window.ClickTaleOnReady == 'function' ? window.ClickTaleOnReady : void 0;

window.ClickTaleOnReady = function() {
	var PID=194, 
		Ratio=0.1, 
		PartitionPrefix="www16",
		SubsId=232923;
	
	if (window.navigator && window.navigator.loadPurpose === "preview") {
       return;
	};
		
	
	// Start of user-defined header code (PreInitialize)
	if (typeof ClickTaleSetAllSensitive === "function") {
    ClickTaleSetAllSensitive();
}

function isVisible(element){
    if(element){
        return (element.offsetWidth > 0 || element.offsetHeight > 0 || element.getClientRects().length > 0);
    } else return false;
}
window.ClickTaleSettings.PTC.InitFuncs = window.ClickTaleSettings.PTC.InitFuncs || [];
window.ClickTaleSettings.PTC.InitFuncs.push(function() {
    var pcc = document.querySelector('script[src*="clicktale"][src*="pcc"]');
    if (pcc) {
        var versionmatch = pcc.src.match(/DeploymentConfigName=(.+)/i);
        if (versionmatch && typeof ClickTaleExec === 'function') {
            ClickTaleExec("console.info('" + versionmatch[0] + "');");
            ClickTaleEvent("Config: " + versionmatch[1].replace(/\&.+/, ''));
        }
    }
});

function doUpload() {
    ClickTaleUploadPage();
    window.ClickTaleSSL = 1;
    ClickTale(PID, Ratio, PartitionPrefix);
    if ((typeof ClickTalePrevOnReady == 'function') && (ClickTaleOnReady.toString() != ClickTalePrevOnReady.toString())) {
        ClickTalePrevOnReady();
    }
}

function isReadyToRecord() {
    if (document.location.pathname === "/") {
        return isVisible(document.querySelectorAll('.slick-track')[0]);
    }
    else if(document.location.pathname === "/shop/gb/groceries"){
        return isVisible(document.querySelectorAll(".es-border-box")[0]);
    }
    return true;
}

function doOnlyWhen(toDoHandler, toCheckHandler, interval, times, failHandler) {
    if ((!toDoHandler) || (!toCheckHandler)) return;
    if (typeof interval == "undefined") interval = 1000;
    if (typeof times == "undefined") times = 20;
    if (--times < 0) {
        if (typeof failHandler === 'function') {
            failHandler();
        }
        return;
    }
    if (toCheckHandler()) {
        toDoHandler();
        return;
    }
    setTimeout(function () { doOnlyWhen(toDoHandler, toCheckHandler, interval, times, failHandler); }, interval);
};

if (typeof ClickTaleUploadPage === 'function' && window.ClickTaleSettings.PTC.UseTransport) {
    if(window.ClickTaleSettings.PTC.EnableChangeMonitor){
		if (typeof ClickTaleEvent === "function") {
					ClickTaleEvent("CM");
		}
	}
    doOnlyWhen(doUpload, isReadyToRecord, 300, 20, doUpload);
    var initFuncs = window.ClickTaleSettings.PTC.InitFuncs;
    for (var i = 0, initLen = initFuncs.length; i < initLen; i++) {
        if (typeof initFuncs[i] === 'function') {
            initFuncs[i]();
        }
    }
    return;
}

	// End of user-defined header code (PreInitialize)
    
	
	window.ClickTaleIncludedOnDOMReady=true;
	
	ClickTaleGlobal.init.isAllowed && ClickTale(PID, Ratio, PartitionPrefix, SubsId);
	
	if((typeof ClickTalePrevOnReady == 'function') && (ClickTaleOnReady.toString() != ClickTalePrevOnReady.toString()))
	{
    	ClickTalePrevOnReady();
	}
	
	
	// Start of user-defined footer code
	
	// End of user-defined footer code
	
}; 
(function() {
	var div = ClickTaleCreateDOMElement("div");
	div.id = "ClickTaleDiv";
	div.style.display = "none";
	document.body.appendChild(div);

	
	
	var wrScript = ClickTaleCreateDOMElement("script"),
		wrSrc = (document.location.protocol=='https:' ? 'https://cdnssl.clicktale.net/www/' : 'http://cdn.clicktale.net/www/') + 'tc/WR-latest.js';
	wrScript.src = (window.ClickTaleCDNHTTPSRewrite ? ClickTaleCDNHTTPSRewrite(wrSrc) : wrSrc);
	wrScript.type = 'text/javascript';
		wrScript.async = true;
		ClickTaleGlobal.init.isAllowed && document.body.appendChild(wrScript);
})();





!function(){function t(){window.addEventListener&&addEventListener("message",e,!1)}function e(t){var e,o=new RegExp("(clicktale.com|qa-core.app.clicktale.com)($|:)"),c=new RegExp("qa-core.app.clicktale.com"),i=!1,a=t.origin;try{e=JSON.parse(t.data)}catch(l){return}o.test(t.origin)!==!1&&(window.ct_ve_parent_window=t.source,c.test(t.origin)===!0&&(i=!0),"CTload_ve"===e["function"]&&"function"==typeof ClickTaleGetPID&&null!==ClickTaleGetPID()&&n(a,i))}function o(t){return document.createElementNS?document.createElementNS("http://www.w3.org/1999/xhtml",t):document.createElement(t)}function n(t,e){var n=o("script");n.setAttribute("type","text/javascript"),n.setAttribute("id","ctVisualEditorClientModule");var c;c=e?document.location.protocol+"//qa-core.app.clicktale.com/VisualEditor/Client/dist/veClientModule.js":document.location.protocol+"//"+t.match(/subs\d*/)[0]+".app.clicktale.com/VisualEditor/Client/dist/veClientModule.js",n.src=c,document.getElementById("ctVisualEditorClientModule")||document.body.appendChild(n)}try{var c=window.chrome,i=window.navigator&&window.navigator.vendor;null!==c&&void 0!==c&&"Google Inc."===i&&t()}catch(a){}}();</script><script type="text/javascript" src="http://cdn.clicktale.net/www16/pcc/5ea22b8e-c62f-443c-a41b-bb50b30c6fc6.js?DeploymentConfigName=Release_20170316&amp;Version=2"></script><script src="https://cdna.clicktale.net/www/tc/monitor-1.3.9.js" async="" type="text/javascript"></script><div id="ClickTaleDiv" style="display: none;"></div>
<script src="http://cdn.clicktale.net/www/tc/WR-latest.js" type="text/javascript" async=""></script><script src="http://cdn.clicktale.net/www/ChangeMonitor-latest.js"></script><iframe src="//reporting.sainsburys-online.com/cgi-bin/rr/blank.gif?nourl=www.sainsburys.co.uk/webapp/wcs/stores/servlet/gb/groceries/drinks/fruit-flavoured" height="0" width="0" style="display:none;"></iframe>
</body>
</html>
