<!DOCTYPE html>
<html class="js dj_webkit dj_safari dj_contentbox" xmlns:wairole="http://www.w3.org/2005/01/wai-rdf/GUIRoleTaxonomy#" xmlns:waistate="http://www.w3.org/2005/07/aaa" lang="en" xml:lang="en">
<!-- BEGIN CategoriesDisplay.jsp --><head>
<meta http-equiv="Content-Type" content="text/html; charset=UTF-8">
<title>Spreadable butter | Sainsbury's</title>
<meta name="description" content="Buy Spreadable butter online from Sainsbury's, the same great quality, freshness and choice you'd find in store. Choose from 1 hour delivery slots and collect Nectar points.">
<meta name="keyword" content="spreads, spread, margarine, Spreadable butter">
<link rel="canonical" href="http://www.sainsburys.co.uk/shop/gb/groceries/dairy/spreadable-butter--">
<!-- BEGIN CommonCSSToInclude.jspf --><!--[if IE 8]>
    <link type="text/css" href="http://c1.sainsburys.co.uk/wcsstore7.20.1.145/SainsburysStorefrontAssetStore/css/main-ie8.min.css" rel="stylesheet" media="all" />
	<![endif]--><!--[if !IE 8]><!--><link type="text/css" href="http://c1.sainsburys.co.uk/wcsstore7.20.1.145/SainsburysStorefrontAssetStore/css/main.min.css" rel="stylesheet" media="all">
<!--<![endif]--><link type="text/css" href="http://c1.sainsburys.co.uk/wcsstore7.20.1.145/SainsburysStorefrontAssetStore/wcassets/groceries/css/espot.css" rel="stylesheet" media="all">
<link type="text/css" href="http://c1.sainsburys.co.uk/wcsstore7.20.1.145/SainsburysStorefrontAssetStore/css/print.css" rel="stylesheet" media="print">
<!-- END CommonCSSToInclude.jspf --><!-- BEGIN CommonJSToInclude.jspf --><meta name="CommerceSearch" content="storeId_10151">
<script type="text/javascript" src="http://www.ist-track.com/ContainerJavaScript.ashx?id=05B9FE83-74B1-43EB-B589-1CFE77B68E2C"></script><script type="text/javascript" src="http://tracker.marinsm.com/tracker/async/529av24112.js"></script><script type="text/javascript" src="https://www.googleadservices.com/pagead/conversion_async.js"></script><script type="text/javascript" src="https://connect.facebook.net/en_US/fbevents.js"></script><script type="text/javascript" src="//s.thebrighttag.com/tag?site=sp0XdVN&amp;H=-xjkjxu3&amp;cf=645150%2C969119%2C1501197%2C3868479&amp;mode=v1"></script><script type="text/javascript" src="http://s.btstatic.com/BrightTag.jquery-1.5.1.js"></script><script type="text/javascript" src="//www.gstatic.com/attribution/collection/attributiontools.js"></script><script type="text/javascript" src="//s.btstatic.com/lib/0aa48296ca7b6182261af570d7367f790c666cd4.js?v=2"></script><script type="text/javascript" src="//s.btstatic.com/lib/32da0331f93c723a43b2e19faddf77b41f99d326.js?v=2"></script><script type="text/javascript" src="//s.btstatic.com/lib/0bf5d7aa6f82472c841c09fb805f6ccb726da921.js?v=2"></script><script type="text/javascript" src="//s.btstatic.com/lib/525a43d946bca9c8f07bfcc56a1feb3d26d65ccb.js?v=2"></script><script type="text/javascript" src="//s.thebrighttag.com/tag?site=sp0XdVN&amp;H=-xjkjxu3"></script><script async="" src="//s.btstatic.com/tag.js#site=sp0XdVN"></script><script type="text/javascript" charset="utf-8" src="http://c1.sainsburys.co.uk/wcsstore7.20.1.145/SainsburysStorefrontAssetStore/js/dojo.1.7.1/dojo/fx/easing.js"></script><script type="text/javascript" charset="utf-8" src="http://c1.sainsburys.co.uk/wcsstore7.20.1.145/SainsburysStorefrontAssetStore/js/dojo.1.7.1/dojo/NodeList-traverse.js"></script><script type="text/javascript" charset="utf-8" src="http://c1.sainsburys.co.uk/wcsstore7.20.1.145/SainsburysStorefrontAssetStore/js/dojo.1.7.1/dojox/NodeList/delegate.js"></script><script type="text/javascript" charset="utf-8" src="http://c1.sainsburys.co.uk/wcsstore7.20.1.145/SainsburysStorefrontAssetStore/js/dojo.1.7.1/dojo/hash.js"></script><script type="text/javascript" charset="utf-8" src="http://c1.sainsburys.co.uk/wcsstore7.20.1.145/SainsburysStorefrontAssetStore/js/dojo.1.7.1/dojox/html/entities.js"></script><script type="text/javascript" charset="utf-8" src="http://c1.sainsburys.co.uk/wcsstore7.20.1.145/SainsburysStorefrontAssetStore/js/dojo.1.7.1/dojo/parser.js"></script><script type="text/javascript" charset="utf-8" src="http://c1.sainsburys.co.uk/wcsstore7.20.1.145/SainsburysStorefrontAssetStore/js/dojo.1.7.1/dijit/layout/AccordionContainer.js"></script><script type="text/javascript" charset="utf-8" src="http://c1.sainsburys.co.uk/wcsstore7.20.1.145/SainsburysStorefrontAssetStore/js/dojo.1.7.1/dijit/layout/ContentPane.js"></script><script type="text/javascript" charset="utf-8" src="http://c1.sainsburys.co.uk/wcsstore7.20.1.145/SainsburysStorefrontAssetStore/js/dojo.1.7.1/dojox/widget/AutoRotator.js"></script><script type="text/javascript" charset="utf-8" src="http://c1.sainsburys.co.uk/wcsstore7.20.1.145/SainsburysStorefrontAssetStore/js/dojo.1.7.1/dojox/widget/rotator/Fade.js"></script><script type="text/javascript" charset="utf-8" src="http://c1.sainsburys.co.uk/wcsstore7.20.1.145/SainsburysStorefrontAssetStore/js/dojo.1.7.1/dojo/fx.js"></script><script type="text/javascript" charset="utf-8" src="http://c1.sainsburys.co.uk/wcsstore7.20.1.145/SainsburysStorefrontAssetStore/js/dojo.1.7.1/dojo/_base/url.js"></script><script type="text/javascript" charset="utf-8" src="http://c1.sainsburys.co.uk/wcsstore7.20.1.145/SainsburysStorefrontAssetStore/js/dojo.1.7.1/dojo/date/stamp.js"></script><script type="text/javascript" charset="utf-8" src="http://c1.sainsburys.co.uk/wcsstore7.20.1.145/SainsburysStorefrontAssetStore/js/dojo.1.7.1/dijit/focus.js"></script><script type="text/javascript" charset="utf-8" src="http://c1.sainsburys.co.uk/wcsstore7.20.1.145/SainsburysStorefrontAssetStore/js/dojo.1.7.1/dijit/_base/manager.js"></script><script type="text/javascript" charset="utf-8" src="http://c1.sainsburys.co.uk/wcsstore7.20.1.145/SainsburysStorefrontAssetStore/js/dojo.1.7.1/dijit/_Widget.js"></script><script type="text/javascript" charset="utf-8" src="http://c1.sainsburys.co.uk/wcsstore7.20.1.145/SainsburysStorefrontAssetStore/js/dojo.1.7.1/dijit/_Container.js"></script><script type="text/javascript" charset="utf-8" src="http://c1.sainsburys.co.uk/wcsstore7.20.1.145/SainsburysStorefrontAssetStore/js/dojo.1.7.1/dijit/_TemplatedMixin.js"></script><script type="text/javascript" charset="utf-8" src="http://c1.sainsburys.co.uk/wcsstore7.20.1.145/SainsburysStorefrontAssetStore/js/dojo.1.7.1/dijit/_CssStateMixin.js"></script><script type="text/javascript" charset="utf-8" src="http://c1.sainsburys.co.uk/wcsstore7.20.1.145/SainsburysStorefrontAssetStore/js/dojo.1.7.1/dijit/layout/StackContainer.js"></script><script type="text/javascript" charset="utf-8" src="http://c1.sainsburys.co.uk/wcsstore7.20.1.145/SainsburysStorefrontAssetStore/js/dojo.1.7.1/dojo/text.js"></script><script type="text/javascript" charset="utf-8" src="http://c1.sainsburys.co.uk/wcsstore7.20.1.145/SainsburysStorefrontAssetStore/js/dojo.1.7.1/dijit/layout/_ContentPaneResizeMixin.js"></script><script type="text/javascript" charset="utf-8" src="http://c1.sainsburys.co.uk/wcsstore7.20.1.145/SainsburysStorefrontAssetStore/js/dojo.1.7.1/dojo/string.js"></script><script type="text/javascript" charset="utf-8" src="http://c1.sainsburys.co.uk/wcsstore7.20.1.145/SainsburysStorefrontAssetStore/js/dojo.1.7.1/dojo/html.js"></script><script type="text/javascript" charset="utf-8" src="http://c1.sainsburys.co.uk/wcsstore7.20.1.145/SainsburysStorefrontAssetStore/js/dojo.1.7.1/dojo/i18n.js"></script><script type="text/javascript" charset="utf-8" src="http://c1.sainsburys.co.uk/wcsstore7.20.1.145/SainsburysStorefrontAssetStore/js/dojo.1.7.1/dijit/main.js"></script><script type="text/javascript" charset="utf-8" src="http://c1.sainsburys.co.uk/wcsstore7.20.1.145/SainsburysStorefrontAssetStore/js/dojo.1.7.1/dojox/main.js"></script><script type="text/javascript" charset="utf-8" src="http://c1.sainsburys.co.uk/wcsstore7.20.1.145/SainsburysStorefrontAssetStore/js/dojo.1.7.1/dojo/require.js"></script><script type="text/javascript" charset="utf-8" src="http://c1.sainsburys.co.uk/wcsstore7.20.1.145/SainsburysStorefrontAssetStore/js/dojo.1.7.1/dojo/Stateful.js"></script><script type="text/javascript" charset="utf-8" src="http://c1.sainsburys.co.uk/wcsstore7.20.1.145/SainsburysStorefrontAssetStore/js/dojo.1.7.1/dojo/window.js"></script><script type="text/javascript" charset="utf-8" src="http://c1.sainsburys.co.uk/wcsstore7.20.1.145/SainsburysStorefrontAssetStore/js/dojo.1.7.1/dijit/a11y.js"></script><script type="text/javascript" charset="utf-8" src="http://c1.sainsburys.co.uk/wcsstore7.20.1.145/SainsburysStorefrontAssetStore/js/dojo.1.7.1/dijit/registry.js"></script><script type="text/javascript" charset="utf-8" src="http://c1.sainsburys.co.uk/wcsstore7.20.1.145/SainsburysStorefrontAssetStore/js/dojo.1.7.1/dijit/_WidgetBase.js"></script><script type="text/javascript" charset="utf-8" src="http://c1.sainsburys.co.uk/wcsstore7.20.1.145/SainsburysStorefrontAssetStore/js/dojo.1.7.1/dijit/_OnDijitClickMixin.js"></script><script type="text/javascript" charset="utf-8" src="http://c1.sainsburys.co.uk/wcsstore7.20.1.145/SainsburysStorefrontAssetStore/js/dojo.1.7.1/dijit/_FocusMixin.js"></script><script type="text/javascript" charset="utf-8" src="http://c1.sainsburys.co.uk/wcsstore7.20.1.145/SainsburysStorefrontAssetStore/js/dojo.1.7.1/dojo/uacss.js"></script><script type="text/javascript" charset="utf-8" src="http://c1.sainsburys.co.uk/wcsstore7.20.1.145/SainsburysStorefrontAssetStore/js/dojo.1.7.1/dijit/hccss.js"></script><script type="text/javascript" charset="utf-8" src="http://c1.sainsburys.co.uk/wcsstore7.20.1.145/SainsburysStorefrontAssetStore/js/dojo.1.7.1/dojo/touch.js"></script><script type="text/javascript" charset="utf-8" src="http://c1.sainsburys.co.uk/wcsstore7.20.1.145/SainsburysStorefrontAssetStore/js/dojo.1.7.1/dojo/cache.js"></script><script type="text/javascript" charset="utf-8" src="http://c1.sainsburys.co.uk/wcsstore7.20.1.145/SainsburysStorefrontAssetStore/js/dojo.1.7.1/dojo/cookie.js"></script><script type="text/javascript" charset="utf-8" src="http://c1.sainsburys.co.uk/wcsstore7.20.1.145/SainsburysStorefrontAssetStore/js/dojo.1.7.1/dijit/layout/_LayoutWidget.js"></script><script type="text/javascript" charset="utf-8" src="http://c1.sainsburys.co.uk/wcsstore7.20.1.145/SainsburysStorefrontAssetStore/js/dojo.1.7.1/dijit/layout/utils.js"></script><script type="text/javascript" charset="utf-8" src="http://c1.sainsburys.co.uk/wcsstore7.20.1.145/SainsburysStorefrontAssetStore/js/dojo.1.7.1/dijit/_Contained.js"></script><script type="text/javascript" charset="utf-8" src="http://c1.sainsburys.co.uk/wcsstore7.20.1.145/SainsburysStorefrontAssetStore/js/dojo.1.7.1/dijit/nls/loading.js"></script><script type="text/javascript" charset="utf-8" src="http://c1.sainsburys.co.uk/wcsstore7.20.1.145/SainsburysStorefrontAssetStore/js/dojo.1.7.1/dijit/nls/common.js"></script><script type="text/javascript" charset="utf-8" src="http://c1.sainsburys.co.uk/wcsstore7.20.1.145/SainsburysStorefrontAssetStore/js/dojo.1.7.1/dojox/widget/Rotator.js"></script><script type="text/javascript" charset="utf-8" src="http://c1.sainsburys.co.uk/wcsstore7.20.1.145/SainsburysStorefrontAssetStore/js/dojo.1.7.1/dojo/regexp.js"></script><script type="text/javascript" charset="utf-8" src="http://c1.sainsburys.co.uk/wcsstore7.20.1.145/SainsburysStorefrontAssetStore/js/dojo.1.7.1/dojo/fx/Toggler.js"></script><script type="text/javascript" charset="utf-8" src="http://c1.sainsburys.co.uk/wcsstore7.20.1.145/SainsburysStorefrontAssetStore/js/dojo.1.7.1/dijit/_base.js"></script><script type="text/javascript" charset="utf-8" src="http://c1.sainsburys.co.uk/wcsstore7.20.1.145/SainsburysStorefrontAssetStore/js/dojo.1.7.1/dijit/WidgetSet.js"></script><script type="text/javascript" charset="utf-8" src="http://c1.sainsburys.co.uk/wcsstore7.20.1.145/SainsburysStorefrontAssetStore/js/dojo.1.7.1/dijit/_base/focus.js"></script><script type="text/javascript" charset="utf-8" src="http://c1.sainsburys.co.uk/wcsstore7.20.1.145/SainsburysStorefrontAssetStore/js/dojo.1.7.1/dijit/_base/place.js"></script><script type="text/javascript" charset="utf-8" src="http://c1.sainsburys.co.uk/wcsstore7.20.1.145/SainsburysStorefrontAssetStore/js/dojo.1.7.1/dijit/_base/popup.js"></script><script type="text/javascript" charset="utf-8" src="http://c1.sainsburys.co.uk/wcsstore7.20.1.145/SainsburysStorefrontAssetStore/js/dojo.1.7.1/dijit/_base/scroll.js"></script><script type="text/javascript" charset="utf-8" src="http://c1.sainsburys.co.uk/wcsstore7.20.1.145/SainsburysStorefrontAssetStore/js/dojo.1.7.1/dijit/_base/sniff.js"></script><script type="text/javascript" charset="utf-8" src="http://c1.sainsburys.co.uk/wcsstore7.20.1.145/SainsburysStorefrontAssetStore/js/dojo.1.7.1/dijit/_base/typematic.js"></script><script type="text/javascript" charset="utf-8" src="http://c1.sainsburys.co.uk/wcsstore7.20.1.145/SainsburysStorefrontAssetStore/js/dojo.1.7.1/dijit/_base/wai.js"></script><script type="text/javascript" charset="utf-8" src="http://c1.sainsburys.co.uk/wcsstore7.20.1.145/SainsburysStorefrontAssetStore/js/dojo.1.7.1/dijit/_base/window.js"></script><script type="text/javascript" charset="utf-8" src="http://c1.sainsburys.co.uk/wcsstore7.20.1.145/SainsburysStorefrontAssetStore/js/dojo.1.7.1/dijit/place.js"></script><script type="text/javascript" charset="utf-8" src="http://c1.sainsburys.co.uk/wcsstore7.20.1.145/SainsburysStorefrontAssetStore/js/dojo.1.7.1/dijit/popup.js"></script><script type="text/javascript" charset="utf-8" src="http://c1.sainsburys.co.uk/wcsstore7.20.1.145/SainsburysStorefrontAssetStore/js/dojo.1.7.1/dijit/BackgroundIframe.js"></script><script type="text/javascript" charset="utf-8" src="http://c1.sainsburys.co.uk/wcsstore7.20.1.145/SainsburysStorefrontAssetStore/js/dojo.1.7.1/dijit/typematic.js"></script><script type="text/javascript" charset="utf-8" src="http://c1.sainsburys.co.uk/wcsstore7.20.1.145/SainsburysStorefrontAssetStore/js/dojo.1.7.1/dijit/layout/StackController.js"></script><script type="text/javascript" charset="utf-8" src="http://c1.sainsburys.co.uk/wcsstore7.20.1.145/SainsburysStorefrontAssetStore/js/dojo.1.7.1/dijit/form/ToggleButton.js"></script><script type="text/javascript" charset="utf-8" src="http://c1.sainsburys.co.uk/wcsstore7.20.1.145/SainsburysStorefrontAssetStore/js/dojo.1.7.1/dijit/form/Button.js"></script><script type="text/javascript" charset="utf-8" src="http://c1.sainsburys.co.uk/wcsstore7.20.1.145/SainsburysStorefrontAssetStore/js/dojo.1.7.1/dijit/form/_ToggleButtonMixin.js"></script><script type="text/javascript" charset="utf-8" src="http://c1.sainsburys.co.uk/wcsstore7.20.1.145/SainsburysStorefrontAssetStore/js/dojo.1.7.1/dijit/form/_FormWidget.js"></script><script type="text/javascript" charset="utf-8" src="http://c1.sainsburys.co.uk/wcsstore7.20.1.145/SainsburysStorefrontAssetStore/js/dojo.1.7.1/dijit/form/_ButtonMixin.js"></script><script type="text/javascript" charset="utf-8" src="http://c1.sainsburys.co.uk/wcsstore7.20.1.145/SainsburysStorefrontAssetStore/js/dojo.1.7.1/dijit/form/_FormWidgetMixin.js"></script><script type="text/javascript" charset="utf-8" src="http://c1.sainsburys.co.uk/wcsstore7.20.1.145/SainsburysStorefrontAssetStore/js/dojo.1.7.1/dijit/layout/AccordionPane.js"></script><script type="text/javascript" charset="utf-8" src="http://c1.sainsburys.co.uk/wcsstore7.20.1.145/SainsburysStorefrontAssetStore/js/dojo.1.7.1/dijit/form/_FormValueWidget.js"></script><script type="text/javascript" charset="utf-8" src="http://c1.sainsburys.co.uk/wcsstore7.20.1.145/SainsburysStorefrontAssetStore/js/dojo.1.7.1/dijit/form/_FormValueMixin.js"></script><script type="text/javascript" charset="utf-8" src="http://c1.sainsburys.co.uk/wcsstore7.20.1.145/SainsburysStorefrontAssetStore/js/dojo.1.7.1/dijit/form/DropDownButton.js"></script><script type="text/javascript" charset="utf-8" src="http://c1.sainsburys.co.uk/wcsstore7.20.1.145/SainsburysStorefrontAssetStore/js/dojo.1.7.1/dijit/form/ComboButton.js"></script><script type="text/javascript" charset="utf-8" src="http://c1.sainsburys.co.uk/wcsstore7.20.1.145/SainsburysStorefrontAssetStore/js/dojo.1.7.1/dijit/_HasDropDown.js"></script><script type="text/javascript">  
    var _deliverySlotInfo = {                          
            expiryDateTime: '',
            currentDateTime: 'March 19,2017 23:29:09',
            ajaxCountDownUrl: 'CountdownDisplayView?langId=44&amp;storeId=10151',
            ajaxExpiredUrl: 'DeliverySlotExpiredDisplayView?langId=44&amp;storeId=10151&amp;currentPageUrl=http%3a%2f%2fwww.sainsburys.co.uk%2fwebapp%2fwcs%2fstores%2fservlet%2fCategoryDisplay%3fmsg%3d%26langId%3d44%26storeId%3d10151%26krypto%3dhxfwQxc17VeEgm9tq%252BkMsUCLMbf58ztJqFT7V2aaDz0OqAmYohAdCDjaVGIIaCbFpq%252FHFodzQSWs%252FbTWf05kMedrc%252F57rY9Ir7rIQSzGJQrn26jnJCI5%252FSbRh2%252BdfB2orIt1139NEwfBLd4v6o0RgGZKjkvCwaqibNIHldqwYzg%253D%26ddkey%3dhttp%253Agb%252Fgroceries%252Fdairy%252Fspreadable-butter--&amp;AJAXCall=true'
        }
    var _amendOrderSlotInfo = {                          
            expiryDateTime: '',
            currentDateTime: 'March 19,2017 23:29:09',
            ajaxAmendOrderExpiryUrl: 'AjaxOrderAmendSlotExpiryView?langId=44&amp;storeId=10151&amp;currentPageUrl=http%3a%2f%2fwww.sainsburys.co.uk%2fwebapp%2fwcs%2fstores%2fservlet%2fCategoryDisplay%3fmsg%3d%26langId%3d44%26storeId%3d10151%26krypto%3dhxfwQxc17VeEgm9tq%252BkMsUCLMbf58ztJqFT7V2aaDz0OqAmYohAdCDjaVGIIaCbFpq%252FHFodzQSWs%252FbTWf05kMedrc%252F57rY9Ir7rIQSzGJQrn26jnJCI5%252FSbRh2%252BdfB2orIt1139NEwfBLd4v6o0RgGZKjkvCwaqibNIHldqwYzg%253D%26ddkey%3dhttp%253Agb%252Fgroceries%252Fdairy%252Fspreadable-butter--'
        }    
    var _commonPageInfo = {
        currentUrl: 'http://www.sainsburys.co.uk/webapp/wcs/stores/servlet/CategoryDisplay?msg=&amp;langId=44&amp;storeId=10151&amp;krypto=hxfwQxc17VeEgm9tq%2BkMsUCLMbf58ztJqFT7V2aaDz0OqAmYohAdCDjaVGIIaCbFpq%2FHFodzQSWs%2FbTWf05kMedrc%2F57rY9Ir7rIQSzGJQrn26jnJCI5%2FSbRh2%2BdfB2orIt1139NEwfBLd4v6o0RgGZKjkvCwaqibNIHldqwYzg%3D&amp;ddkey=http%3Agb%2Fgroceries%2Fdairy%2Fspreadable-butter--',
        storeId: '10151',
        langId: '44'
    }
</script><script type="text/javascript">
	    var _rhsCheckPostCodeRuleset = {                          
	          postCode: {
	                isEmpty: {
	                      param: true,
	                      text: 'Sorry, we couldn&#39;t recognise that postcode. Please try again.',
	                      msgPlacement: "#checkPostCodePanel #Rhs_checkPostCode .field",
	                      elemToAddErrorClassTo: "#checkPostCodePanel #Rhs_checkPostCode .field"
	                },
	                minLength: {
	                      param: 5,
	                      text: 'Sorry, this entry must be at least 5 characters long.',
	                      msgPlacement: "#checkPostCodePanel #Rhs_checkPostCode .field",
	                      elemToAddErrorClassTo: "#checkPostCodePanel #Rhs_checkPostCode .field"
	                },
	                isPostcode: {
	                      param: true,
	                      text: 'Sorry, we couldn&#39;t recognise that postcode. Please try again.',
	                      msgPlacement: "#checkPostCodePanel #Rhs_checkPostCode .field",
	                      elemToAddErrorClassTo: "#checkPostCodePanel #Rhs_checkPostCode .field"
	                }
	          }
	    }
	    </script><script type="text/javascript">
      var typeAheadTrigger = 2;
</script><script type="text/javascript" data-dojo-config="isDebug: false, useCommentedJson: true,locale: 'en-gb', parseOnLoad: true, dojoBlankHtmlUrl:'/wcsstore/SainsburysStorefrontAssetStore/js/dojo.1.7.1/blank.html'" src="http://c1.sainsburys.co.uk/wcsstore7.20.1.145/SainsburysStorefrontAssetStore/js/dojo.1.7.1/dojo/dojo.js"></script><script type="text/javascript">"undefined"==typeof digitalData&&(digitalData={event:[]}),digitalData.event.push=function(){for(var t=0,e=arguments.length;e>t;t++)this[this.length]=arguments[t];var n="s_"+arguments[0].eventInfo.eventName;if(void 0!=n){var a=null;try{a=new Event(n,{bubbles:!0,cancelable:!1})}catch(i){a=document.createEvent("Event"),a.initEvent(n,!0,!1)}document.addEventListener?document.addEventListener(n,function(t){},!1):document.attachEvent(n,function(t){}),document.dispatchEvent(a)}return this.length};</script><script type="text/javascript" src="http://c1.sainsburys.co.uk/wcsstore7.20.1.145/SainsburysStorefrontAssetStore/js/sainsburys.js"></script><script type="text/javascript">require(["dojo/parser", "dijit/layout/AccordionContainer", "dijit/layout/ContentPane", "dojox/widget/AutoRotator", "dojox/widget/rotator/Fade"]);</script><script type="text/javascript" src="http://c1.sainsburys.co.uk/wcsstore7.20.1.145/SainsburysStorefrontAssetStore/wcassets/groceries/scripts/page/faq.js"></script><script type="text/javascript">if (self === top) {var antiCJ = document.getElementById("antiCJ");antiCJ.parentNode.removeChild(antiCJ);} else {top.location = self.location;}</script><!-- Maxymiser script start --><script type="text/javascript" src="//service.maxymiser.net/cdn/sainsburyscoUK/js/mmcore.js">
</script><!-- Maxymiser script end --><!-- END CommonJSToInclude.jspf -->
</head>
<body id="shelfPage" class="shelfPage floatingHeader">
<div class="hidden overlayBox" id="overlayBox" role="dialog"></div>
<div class="hidden pageOverlay" id="pageOverlay"></div>
<div id="autoCompleteList" class="autoCompleteList jsAccess" style="top: 82px; left: 790px;"></div>
<div class="hidden overlayBox" id="overlayBox" role="dialog"></div>
<div class="hidden pageOverlay" id="pageOverlay"></div>
<div id="page" style="padding-top: 169px;">
    <!-- BEGIN StoreCommonUtilities.jspf --><!-- END StoreCommonUtilities.jspf --><!-- Header Nav Start --><!-- BEGIN LayoutContainerTop.jspf --><!-- BEGIN HeaderDisplay.jspf --><!-- BEGIN CachedHeaderDisplay.jsp -->

<ul id="skipLinks">
<li><a href="#content">Skip to main content</a></li>
    <li><a href="#groceriesNav">Skip to groceries navigation menu</a></li>
    
</ul>
<div id="globalHeaderContainer">
    <div class="header globalHeader" id="globalHeader">
        <div class="globalNav">
	<ul>
<li>
			<a href="http://www.sainsburys.co.uk">
			    <span class="moreSainsburysIcon"></span>
                Explore more at Sainsburys.co.uk 
			</a>
		</li>
		<li>
			<a href="http://help.sainsburys.co.uk" rel="external">
			    <span class="helpCenterIcon"></span>
                Help Centre 
			<span class="access"> (opens in a new window/tab)</span></a>
		</li>
		<li>
			<a href="http://stores.sainsburys.co.uk" rel="external">
			    <span class="storeLocatorIcon"></span>
                Store Locator 
			<span class="access"> (opens in a new window/tab)</span></a>
		</li>
		<li class="loginRegister">
			 
				    
					<a href="https://www.sainsburys.co.uk/shop/LogonView?catalogId=10241&amp;logonCallerId=LogonButton&amp;langId=44&amp;storeId=10151&amp;URL=https%3A%2F%2Fwww.sainsburys.co.uk%2Fshop%2FMyAccount%3FlangId%3D44%26storeId%3D10151">
						<span class="userIcon"></span>
                        Log in / Register 
					</a>
				
		</li>
	</ul>
</div>

	    <div class="globalHeaderLogoSearch">
	        <!-- BEGIN LogoSearchNavBar.jspf -->

<a href="http://www.sainsburys.co.uk/shop/gb/groceries" class="mainLogo"><img src="/wcsstore/SainsburysStorefrontAssetStore/img/logo.png" alt="Sainsbury's"></a>
<div class="searchBox" role="search">
    

    <form name="sol_search" method="get" action="SearchDisplay" id="globalSearchForm">

        <input type="hidden" name="viewTaskName" value="CategoryDisplayView"><input type="hidden" name="recipesSearch" value="true"><input type="hidden" name="orderBy" value="RELEVANCE"><input type="hidden" name="favouritesSelection" value="0"><input type="hidden" name="langId" value="44"><input type="hidden" name="storeId" value="10151"><label for="search" class="access">Search for products</label>
        <input type="search" name="searchTerm" id="search" maxlength="150" value="" autocomplete="off" placeholder="Search products"><button type="button" id="clearSearch" class="clearSearch hidden">Clear the search field</button>
        <input type="submit" name="searchSubmit" id="searchSubmit" value="Search">
</form>

    <a class="findProduct" href="http://www.sainsburys.co.uk/shop/ShoppingListDisplay?catalogId=10241&amp;action=ShoppingListDisplay&amp;urlLangId=&amp;langId=44&amp;storeId=10151">Search for multiple products</a>
    <!-- ul class="searchNav">
        <li class="shoppingListLink"><a href="http://www.sainsburys.co.uk/shop/ShoppingListDisplay?catalogId=10241&action=ShoppingListDisplay&urlLangId=&langId=44&storeId=10151">Find a list of products</a></li>
        <li><a href="http://stores.sainsburys.co.uk">Store Locator</a></li>
        <li><a href="https://www.sainsburys.co.uk/shop/MyAccount?langId=44&amp;storeId=10151">My Account</a></li>
        
                 <li><a href="https://www.sainsburys.co.uk/shop/QuickRegistrationFormView?catalogId=10241&amp;langId=44&amp;storeId=10151" >Register</a></li>
        
    </ul-->

</div>
<!-- END LogoSearchNavBar.jspf -->
        </div>
        <div id="groceriesNav" class="groceriesNav">
            <ul class="mainNav">
<li>
                    
                            <a class="active" href="http://www.sainsburys.co.uk/shop/gb/groceries"><strong>Groceries</strong></a>
                        
                </li>
                <li>
                    
	                           <a href="http://www.sainsburys.co.uk/shop/gb/groceries/favourites">Favourites</a>
	                        
                </li>
                <li>
                    
                          <a href="http://www.sainsburys.co.uk/shop/gb/groceries/great-offers">Great Prices</a>
                        
                </li>
                <li>
                    
                           <a href="http://www.sainsburys.co.uk/shop/gb/groceries/discover">Discover</a>
                        
                </li>
                
                <li>
                    
                           <a href="http://recipes.sainsburys.co.uk">Recipes</a>
                        
                </li>
                
            </ul>
<hr>
<p class="access">Groceries Categories</p>
                    
                    <div class="subNav">
                        <ul>
<li>
                                    
                                            <a href="http://www.sainsburys.co.uk/shop/gb/groceries/easter">Easter</a>
                                         
                                   </li>
                              
                                <li>
                                    
                                            <a href="http://www.sainsburys.co.uk/shop/gb/groceries/fruit-veg">Fruit &amp; veg</a>
                                         
                                   </li>
                              
                                <li>
                                    
                                            <a href="http://www.sainsburys.co.uk/shop/gb/groceries/meat-fish">Meat &amp; fish</a>
                                         
                                   </li>
                              
                                <li>
                                    
                                            <a class="active" href="http://www.sainsburys.co.uk/shop/gb/groceries/dairy"><strong>Dairy</strong></a>
                                             
                                   </li>
                              
                                <li>
                                    
                                            <a href="http://www.sainsburys.co.uk/shop/gb/groceries/chilled-">Chilled</a>
                                         
                                   </li>
                              
                                <li>
                                    
                                            <a href="http://www.sainsburys.co.uk/shop/gb/groceries/bakery">Bakery</a>
                                         
                                   </li>
                              
                                <li>
                                    
                                            <a href="http://www.sainsburys.co.uk/shop/gb/groceries/frozen-">Frozen</a>
                                         
                                   </li>
                              
                                <li>
                                    
                                            <a href="http://www.sainsburys.co.uk/shop/gb/groceries/food-cupboard">Food cupboard</a>
                                         
                                   </li>
                              
                                <li>
                                    
                                            <a href="http://www.sainsburys.co.uk/shop/gb/groceries/drinks">Drinks</a>
                                         
                                   </li>
                              
                                <li>
                                    
                                            <a href="http://www.sainsburys.co.uk/shop/gb/groceries/health-beauty">Health &amp; beauty</a>
                                         
                                   </li>
                              
                                <li>
                                    
                                            <a href="http://www.sainsburys.co.uk/shop/gb/groceries/baby">Baby</a>
                                         
                                   </li>
                              
                                <li>
                                    
                                            <a href="http://www.sainsburys.co.uk/shop/gb/groceries/household">Household</a>
                                         
                                   </li>
                              
                                <li>
                                    
                                            <a href="http://www.sainsburys.co.uk/shop/gb/groceries/pet">Pet</a>
                                         
                                   </li>
                              
                                <li>
                                    
                                            <a href="http://www.sainsburys.co.uk/shop/gb/groceries/home">Home</a>
                                         
                                   </li>
                              
                        </ul>
</div>
                
        </div>    
    </div>
</div>
<!-- Generated on: Sun Mar 19 23:29:09 GMT 2017  -->
<!-- END CachedHeaderDisplay.jsp --><!-- END HeaderDisplay.jspf --><!-- END LayoutContainerTop.jspf --><!-- Header Nav End --><!-- Main Area Start -->
    <div id="main">
        <!-- Content Start -->
        <div class="article" id="content">
            <!--  START BreadCrumbTrailDisplay.jsp -->
                  <div class="nav breadcrumb" id="breadcrumbNav">
                    <p class="access">You are here:</p>  
                    <ul id="breadcrumbNavList">
<li class="first">
<span class="corner"></span><a href="http://www.sainsburys.co.uk/shop/gb/groceries/dairy"><span>Dairy</span></a>
    
        <span class="arrow"></span>
    
    <div>
        <p>Select an option:</p>
        <ul>
<li><a href="http://www.sainsburys.co.uk/shop/gb/groceries/dairy/dairy-essentials">Dairy essentials</a></li>
            
                <li><a href="http://www.sainsburys.co.uk/shop/gb/groceries/dairy/milk--">Milk</a></li>
            
                <li><a href="http://www.sainsburys.co.uk/shop/gb/groceries/dairy/eggs--">Eggs</a></li>
            
                <li><a href="http://www.sainsburys.co.uk/shop/gb/groceries/dairy/butter---spreads">Butter &amp; spreads</a></li>
            
                <li><a href="http://www.sainsburys.co.uk/shop/gb/groceries/dairy/cheese--">Cheese</a></li>
            
                <li><a href="http://www.sainsburys.co.uk/shop/gb/groceries/dairy/yogurts--">Yogurts</a></li>
            
                <li><a href="http://www.sainsburys.co.uk/shop/gb/groceries/dairy/desserts--">Desserts</a></li>
            
                <li><a href="http://www.sainsburys.co.uk/shop/gb/groceries/dairy/cream---custard">Cream &amp; custard</a></li>
            
                <li><a href="http://www.sainsburys.co.uk/shop/gb/groceries/dairy/pastry---dough">Pastry &amp; dough</a></li>
            
                <li><a href="http://www.sainsburys.co.uk/shop/gb/groceries/dairy/fruit-juice---smoothies-44">Fruit juice &amp; smoothies</a></li>
            
                <li><a href="http://www.sainsburys.co.uk/shop/gb/groceries/dairy/dairy-alternatives-44">Dairy free</a></li>
            
        </ul>
</div>
</li>

            <li class="second">
<a href="http://www.sainsburys.co.uk/shop/gb/groceries/dairy/butter---spreads"><span>Butter &amp; spreads</span></a> <span class="arrow"></span>
                <div>
                <p>Select an option:</p>
                    <ul>
<li><a href="http://www.sainsburys.co.uk/shop/gb/groceries/dairy/all-butter---spreads">All butter &amp; spreads</a></li>
                        
                            <li><a href="http://www.sainsburys.co.uk/shop/gb/groceries/dairy/spreadable-butter--">Spreadable butter</a></li>
                        
                            <li><a href="http://www.sainsburys.co.uk/shop/gb/groceries/dairy/block-butter--">Block butter</a></li>
                        
                            <li><a href="http://www.sainsburys.co.uk/shop/gb/groceries/dairy/buttery-taste---sunflower-spreads">Buttery taste &amp; sunflower spreads</a></li>
                        
                            <li><a href="http://www.sainsburys.co.uk/shop/gb/groceries/dairy/cooking---baking">Cooking &amp; baking</a></li>
                        
                            <li><a href="http://www.sainsburys.co.uk/shop/gb/groceries/dairy/olive-spreads--">Olive spreads</a></li>
                        
                            <li><a href="http://www.sainsburys.co.uk/shop/gb/groceries/dairy/cholesterol-lowering-spreads--">Cholesterol lowering spreads</a></li>
                        
                            <li><a href="http://www.sainsburys.co.uk/shop/gb/groceries/dairy/dietary--free-from---organic">Dairy free spreads</a></li>
                        
                            <li><a href="http://www.sainsburys.co.uk/shop/gb/groceries/dairy/butter-and-spreads-special-offers">Special offers</a></li>
                        
                    </ul>
</div>
            </li>
        
    <li class="third">
<a href="http://www.sainsburys.co.uk/shop/gb/groceries/dairy/spreadable-butter--"><span>Spreadable butter</span></a>
        
    </li>
    
                    </ul>
</div>
                <!--  END BreadCrumbTrailDisplay.jsp --><!-- BEGIN MessageDisplay.jspf --><!-- END MessageDisplay.jspf --><!-- BEGIN ShelfDisplay.jsp -->

<div class="section">
    
    <h1 id="resultsHeading" class="resultsHeading">
        Spreadable butterÂ (29 products available)
    </h1> 

    <!-- DEBUG: shelfTopLeftESpotName = Z:DAIRY/D:BUTTER_AND_SPREADS/A:SPREADABLE_BUTTER/Shelf_Top_Left --><!-- DEBUG: shelfTopRightESpotName = Z:DAIRY/D:BUTTER_AND_SPREADS/A:SPREADABLE_BUTTER/Shelf_Top_Right -->
    <div class="eSpotContainer">
    
    <div id="sitecatalyst_ESPOT_NAME_Z:DAIRY/D:BUTTER_AND_SPREADS/A:SPREADABLE_BUTTER/Shelf_Top_Left" class="siteCatalystTag">Z:DAIRY/D:BUTTER_AND_SPREADS/A:SPREADABLE_BUTTER/Shelf_Top_Left</div>

    <div id="sitecatalyst_ESPOT_NAME_Z:DAIRY/D:BUTTER_AND_SPREADS/A:SPREADABLE_BUTTER/Shelf_Top_Right" class="siteCatalystTag">Z:DAIRY/D:BUTTER_AND_SPREADS/A:SPREADABLE_BUTTER/Shelf_Top_Right</div>

</div>
</div>

        <div class="section" id="filterContainer">
<div class="areaOverlay" id="filterOverlay"></div>
            <!-- FILTER SECTION STARTS HERE--><!-- BEGIN BrowseFacetsDisplay.jspf--><!-- Start Filter -->
	    <h2 class="access">Product filter options</h2>
        <div class="filterSlither">
            <div class="filterCollapseBar">
                <div class="noFlexComponent">
	                <a href="#filterOptions" id="showHideFilterSlither" aria-controls="filterOptions" aria-expanded="true" class="visible">
		                Filter your list
	                <span class="access">Close filter options</span></a>
	                <span class="quantitySelected" id="quantitySelected" role="status" aria-live="assertive" aria-relevant="text">
	                    
	                </span>
	                <a href="http://www.sainsburys.co.uk/shop/CategoryDisplay?pageSize=30&amp;catalogId=10241&amp;orderBy=FAVOURITES_ONLY%7CTOP_SELLERS&amp;facet=&amp;top_category=267396&amp;parent_category_rn=267396&amp;beginIndex=0&amp;categoryId=267411&amp;langId=44&amp;storeId=10151" class="repressive">
	                    Clear filters
	                </a>
	            </div>
            </div>
            
            

			<form class="shelfFilterOptions " id="filterOptions" name="search_facets_form" action="" method="get">
	            <input type="hidden" value="44" name="langId"><input type="hidden" value="10151" name="storeId"><input type="hidden" value="10241" name="catalogId"><input type="hidden" value="267411" name="categoryId"><input type="hidden" value="267396" name="parent_category_rn"><input type="hidden" value="267396" name="top_category"><input type="hidden" value="30" name="pageSize"><input type="hidden" value="FAVOURITES_ONLY|TOP_SELLERS" name="orderBy"><input type="hidden" value="" name="searchTerm"><input type="hidden" value="0" name="beginIndex"><div class="wrapper" id="filterOptionsContainer">
                    
		            

<div class="field options">
    <div class="indicator">
        <p>Options:</p>
    </div>
    <div class="checkboxes">
        
        
            
            <div class="input">
            
            
		                  <input id="globalOptions0" name="facet" type="checkbox" disabled value="" aria-disabled="true"><label class="favouritesLabel" for="globalOptions0">Favourites</label>
                    
	        </div>
	        
	        
            
            <div class="input">
            
            
		                  <input id="globalOptions1" name="facet" type="checkbox" value="86"><label for="globalOptions1">New</label>
		            
	        </div>
	        
	        
            
            <div class="input">
            
            
		                  <input id="globalOptions2" name="facet" type="checkbox" value="88"><label class="offersLabel" for="globalOptions2">Offers</label>
                    
	        </div>
	        
	        
        
    </div>
    
</div>
<!-- BEGIN BrandFacetDisplay.jspf -->

<div class="field topBrands">
    <div class="indicator">
        <p>Top Brands:</p>
    </div>
    <div class="checkboxes">
        
        
            <div class="input">
	           
                       <input id="topBrands0" name="facet" type="checkbox" value="887"><label for="topBrands0">Sainsbury's</label>
	       </div>
	       
            <div class="input">
	           
                       <input id="topBrands1" name="facet" type="checkbox" value="4294963694"><label for="topBrands1">Lurpak</label>
	       </div>
	       
            <div class="input">
	           
                       <input id="topBrands2" name="facet" type="checkbox" value="4294963695"><label for="topBrands2">Anchor</label>
	       </div>
	       
            <div class="input">
	           
                       <input id="topBrands3" name="facet" type="checkbox" value="4294963676"><label for="topBrands3">Kerrygold</label>
	       </div>
	       
            <div class="input">
	           
                       <input id="topBrands4" name="facet" type="checkbox" value="4294963671"><label for="topBrands4">Country Life</label>
	       </div>
	       
	            <div class="extraTopBrandCheckboxes jsHide" id="extraTopBrandCheckboxes">
		            
					    <div class="input">
							
	                                <input id="extraCheckbox0" name="facet" type="checkbox" value="4294963607"><label for="extraCheckbox0">President</label>
			           </div>
				       
					    <div class="input">
							
	                                <input id="extraCheckbox1" name="facet" type="checkbox" value="4294963657"><label for="extraCheckbox1">Bertolli</label>
			           </div>
				       
					    <div class="input">
							
	                                <input id="extraCheckbox2" name="facet" type="checkbox" value="4294965556"><label for="extraCheckbox2">Flora</label>
			           </div>
				       
					    <div class="input">
							
	                                <input id="extraCheckbox3" name="facet" type="checkbox" value="4294965876"><label for="extraCheckbox3">Lactofree</label>
			           </div>
				       
					    <div class="input">
							
	                                <input id="extraCheckbox4" name="facet" type="checkbox" value="4294965493"><label for="extraCheckbox4">Yeo Valley</label>
			           </div>
				       
			    </div>
<a class="filterBoxShowHide filterBoxShowHide_closed" href="#"><span class="more">See more <span>(5)</span></span><span class="less">See less</span></a>
		    
	    
    </div>
</div>

<!-- END BrandFacetDisplay.jspf -->                    
                </div> 
                
                <!-- BEGIN DietaryFacetDisplay.jspf -->

<div class="filterCollapseBarDietAndLifestyle">
    <a href="#dietAndLifestyle" id="showHideDietAndLifestyle" aria-expanded="false">Dietary &amp; lifestyle options<span class="access">Open filter options</span></a>
    <span class="misc">
        (such as vegetarian, organic and British)
    </span>
</div>

<div class="field dietAndLifestyle jsHide" id="dietAndLifestyle">
    <div class="checkboxes">
        
        
            <div class="input">
                
                        <input id="dietAndLifestyle0" name="facet" type="checkbox" value="4294966448"><label for="dietAndLifestyle0">
                   Cannot be Microwaved
                </label>
            </div> 
            
            <div class="input">
                
                        <input id="dietAndLifestyle1" name="facet" type="checkbox" value="4294966755"><label for="dietAndLifestyle1">
                   Keep Refrigerated
                </label>
            </div> 
            
            <div class="input">
                
                        <input id="dietAndLifestyle2" name="facet" type="checkbox" value="4294966661"><label for="dietAndLifestyle2">
                   Kosher
                </label>
            </div> 
            
            <div class="input">
                
                        <input id="dietAndLifestyle3" name="facet" type="checkbox" value="4294966435"><label for="dietAndLifestyle3">
                   Not Suitable for Home Freezing
                </label>
            </div> 
            
            <div class="input">
                
                        <input id="dietAndLifestyle4" name="facet" type="checkbox" value="4294966711"><label for="dietAndLifestyle4">
                   Organic
                </label>
            </div> 
            
            
            <div class="extraDietaryCheckboxes jsHide" id="extraDietaryCheckboxes">
                
                    <div class="input">
                        
                                <input id="extraCheckbox0" name="facet" type="checkbox" value="4294966739"><label for="extraCheckbox0">Suitable for Home Freezing</label>
                   </div>
                   
                    <div class="input">
                        
                                <input id="extraCheckbox1" name="facet" type="checkbox" value="4294966763"><label for="extraCheckbox1">Suitable for Vegetarians</label>
                   </div>
                   
            </div>
<a class="filterBoxShowHide filterBoxShowHide_closed" href="#"><span class="more">See more <span>(2)</span></span><span class="less">See less</span></a>
        

    </div>
</div>

<!-- END DietaryFacetDisplay.jspf -->
            
                <div class="filterActions">
                    <input class="button primary" type="submit" id="applyfilter" name="applyfilter" value="Apply filter">
</div>
            </form>
        </div>
        
	<!-- END BrowseFacetsDisplay.jspf--><!-- FILTER SECTION ENDS HERE-->
        </div>
        <div class="section" id="productsContainer">
            <div id="productsOverlay" class="areaOverlay"></div>
            <div id="productLister">
	            
        <h2 class="access">Product pagination</h2>
        <div class="pagination">
    

    <ul class="viewOptions">
<li class="gridSelected">
                    <span class="access">Grid view</span>
                </li>
                <li class="list">
                    <a href="http://www.sainsburys.co.uk/shop/CategoryDisplay?listView=true&amp;orderBy=FAVOURITES_ONLY%7CTOP_SELLERS&amp;parent_category_rn=267396&amp;top_category=267396&amp;langId=44&amp;beginIndex=0&amp;pageSize=20&amp;catalogId=10241&amp;searchTerm=&amp;categoryId=267411&amp;listId=&amp;storeId=10151&amp;promotionId=">
                        <span class="access">List view</span>
                    </a>
                </li>
            
    </ul>
<form name="search_orderBy_form" action="CategoryDisplay" method="get">
        <input type="hidden" value="44" name="langId"><input type="hidden" value="10151" name="storeId"><input type="hidden" value="10241" name="catalogId"><input type="hidden" value="267411" name="categoryId"><input type="hidden" value="30" name="pageSize"><input type="hidden" value="0" name="beginIndex"><input type="hidden" value="" name="promotionId"><input type="hidden" value="" name="listId"><input type="hidden" value="" name="searchTerm"><input type="hidden" name="hasPreviousOrder" value=""><input type="hidden" name="previousOrderId" value=""><input type="hidden" name="categoryFacetId1" value=""><input type="hidden" name="categoryFacetId2" value=""><input type="hidden" name="bundleId" value=""><div class="field">
            <div class="indicator">
                <label for="orderBy">Sort by:</label>
            </div>

            
                    <input type="hidden" value="267396" name="parent_category_rn"><input type="hidden" value="267396" name="top_category"><div class="input">
                <div class="selectWrapper">
	                <select id="orderBy" name="orderBy"><option value="FAVOURITES_FIRST">Favourites First</option>
<option value="PRICE_ASC">Price - Low to High</option>
<option value="PRICE_DESC">Price - High to Low</option>
<option value="NAME_ASC">Product Name - A - Z</option>
<option value="NAME_DESC">Product Name - Z - A</option>
<option value="TOP_SELLERS">Top Sellers</option>
<option value="RATINGS_DESC">Ratings - High to Low</option>
<option value="NEW">New</option></select><span></span>
	             </div>
            </div>
        </div>
        <div class="actions">
            <input type="submit" class="button" id="Sort" name="Sort" value="Sort">
</div>
    </form>


    <form name="search_pageSize_form" action="CategoryDisplay" method="get">
        <input type="hidden" value="44" name="langId"><input type="hidden" value="10151" name="storeId"><input type="hidden" value="10241" name="catalogId"><input type="hidden" value="267411" name="categoryId"><input type="hidden" value="FAVOURITES_ONLY|TOP_SELLERS" name="orderBy"><input type="hidden" value="0" name="beginIndex"><input type="hidden" value="" name="promotionId"><input type="hidden" value="" name="listId"><input type="hidden" value="" name="searchTerm"><input type="hidden" name="hasPreviousOrder" value=""><input type="hidden" name="previousOrderId" value=""><input type="hidden" name="categoryFacetId1" value=""><input type="hidden" name="categoryFacetId2" value=""><input type="hidden" name="ImportedProductsCount" value=""><input type="hidden" name="ImportedStoreName" value=""><input type="hidden" name="ImportedSupermarket" value=""><input type="hidden" name="bundleId" value=""><input type="hidden" value="267396" name="parent_category_rn"><input type="hidden" value="267396" name="top_category"><div class="field">
          <div class="indicator">
            <label for="pageSize">Per page</label>
          </div>
          <div class="input">
            <div class="selectWrapper">
	            <select id="pageSize" name="pageSize"><option value="30" selected>30</option>
<option value="45">45</option>
<option value="60">60</option>
<option value="75">75</option>
<option value="90">90</option></select><span></span>
	         </div>
          </div>
          </div>
          <div class="actions">
              <input type="submit" class="button" id="Go" name="Go" value="Go">
</div>
    </form>

    
    <ul class="pages">
<li class="previous">
		        
		        <span class="access">Go to previous page</span>
		        
            </li>

        <li class="current">
<span class="access">Current page </span><span>1</span>
</li>
        
            <li class="next">
        
        <span class="access">Go to next page</span>
        
            </li>
    </ul>
</div>
    
                <h2 class="access">Products</h2>
	            <ul class="productLister gridView">
<li class="gridItem" style="min-height: 637px;">
	                                <!-- BEGIN CatalogEntryThumbnailDisplay.jsp --><!-- BEGIN MerchandisingAssociationsDisplay.jsp --><!-- Start - JSP File Name:  MerchandisingAssociationsDisplay.jsp -->
    <div class="coverage ranged"></div>
<!-- END MerchandisingAssociationsDisplay.jsp -->
	            	<div id="hasCrossSell_111265" class="product hasCrossSell  straplineRow"> 
	                
                        <div class="productInfo">
                        	<div class="productNameAndPromotions">
                                
                                        <h3>
                                            <a href="http://www.sainsburys.co.uk/shop/gb/groceries/spreadable-butter--/lurpak-spread-500g">
                                                Lurpak Spreadable 500g
                                                <img src="http://c2.sainsburys.co.uk/wcsstore7.20.1.145/ExtendedSitesCatalogAssetStore/images/catalog/productImages/08/5740900805408/5740900805408_L.jpeg" alt=""></a>
                                        </h3>
                                        
                            </div>
                                                      
                        </div>
                        
                        
                        
                    
                    <div class="addToTrolleytabBox">
                        <!-- Start UserSubscribedOrNot.jspf --><!-- Start UserSubscribedOrNot.jsp --><!-- 
			If the user is not logged in, render this opening 
			DIV adding an addtional class to fix the border top which is removed 
			and replaced by the tabs
		-->
		<div class="addToTrolleytabContainer addItemBorderTop">
	<!-- End AddToSubscriptionList.jsp --><!-- End AddSubscriptionList.jspf --><!-- 
                        ATTENTION!!!
                        <div class="addToTrolleytabContainer">
                        This opening div is inside "../../ReusableObjects/UserSubscribedOrNot.jsp"
                        -->
                        
		                <!--  <div class="pricingAndTrolleyFormWrapper"> -->
	                <div class="pricingAndTrolleyOptions">   
	                    <div class="priceTab activeContainer priceTabContainer" id="addItem_111265"> 
	                        <div class="pricing">
	                            
	<p class="pricePerUnit">
    Â£3.25<abbr title="per">/</abbr><abbr title="unit"><span class="pricePerUnitUnit">unit</span></abbr>
</p>
 
    <p class="pricePerMeasure">Â£6.50<abbr title="per">/</abbr><abbr title="kilogram"><span class="pricePerMeasureMeasure">kg</span></abbr>
    </p>

	                        </div>                        
	                        
	                                    <div class="addToTrolleyForm ">                                    	
	                                        
	                                        <!-- BEGIN AddToTrolley.jsp -->

		<form class="addToTrolleyForm" name="OrderItemAddForm_111265" action="OrderItemAdd" method="post" id="OrderItemAddForm_111265">
		    <input type="hidden" name="storeId" value="10151"><input type="hidden" name="langId" value="44"><input type="hidden" name="catalogId" value="10241"><input type="hidden" name="errorViewName" value="CategoryDisplayView"><input type="hidden" name="SKU_ID" value="3052068"><input type="hidden" name="itemType" value=""><label class="access" for="quantity_111264">Quantity</label>
		        
					<input name="quantity" id="quantity_111264" type="text" size="3" value="1" class="quantity"><input type="hidden" name="catEntryId" value="111265"><input type="hidden" name="productId" value="111264"><input type="hidden" name="URL" value="http://www.sainsburys.co.uk/webapp/wcs/stores/servlet/CategoryDisplay?msg=&amp;langId=44&amp;storeId=10151&amp;krypto=hxfwQxc17VeEgm9tq%2BkMsUCLMbf58ztJqFT7V2aaDz0OqAmYohAdCDjaVGIIaCbFpq%2FHFodzQSWs%2FbTWf05kMedrc%2F57rY9Ir7rIQSzGJQrn26jnJCI5%2FSbRh2%2BdfB2orIt1139NEwfBLd4v6o0RgGZKjkvCwaqibNIHldqwYzg%3D&amp;ddkey=http%3Agb%2Fgroceries%2Fdairy%2Fspreadable-butter--"><input type="hidden" name="page" value=""><input type="hidden" name="contractId" value=""><input type="hidden" name="calculateOrder" value="1"><input type="hidden" name="calculationUsage" value="-1,-2,-3"><input type="hidden" name="updateable" value="1"><input type="hidden" name="merge" value="***"><input type="hidden" name="callAjax" value="false"><input class="button process" type="submit" name="Add" value="Add">
</form>
	<!-- END AddToTrolley.jsp -->
        <div class="numberInTrolley hidden numberInTrolley_111264" id="numberInTrolley_111264">
            
        </div>
    
	                                    </div>
		                                
                        </div>
                        <!-- Start AddToSubscriptionList.jspf --><!-- Start AddToSubscriptionList.jsp --><!-- End AddToSubscriptionList.jsp --><!-- End AddToSubscriptionList.jspf -->
                    </div>
		                        
                        <!-- </div> -->
                </div>     
        	</div>

            <!--ThumbnailRestriction -->
                        
            <div class="errorBanner hidden" id="error111265"></div>                                 
               <div id="additionalItems_111265" class="additionalItems">
			        <!-- BEGIN MerchandisingAssociationsDisplay.jsp --><!-- Start - JSP File Name:  MerchandisingAssociationsDisplay.jsp --><!-- BEGIN CatalogEntryThumbnailMerchandisingAssociation.jspf -->                    
                    <div id="sitecatalyst_SELL_TYPE_1111798" class="siteCatalystTag">X-SELL</div>
                    <div class="crossSell">
                        <div class="crossSellTitle">
                            <!-- BEGIN ContentDisplay.jsp -->
	                <img src="/wcsstore7.20.1.145/SainsburysStorefrontAssetStore/wcassets/merchandising_associations/great_with_grid_202x32.gif" alt="wcassets/merchandising_associations/great_with_grid_202x32.gif" border="0"><!-- end: ContentDisplay.jsp -->
</div>
                        <div class="errorBanner hidden" id="error111501111799"></div>
                        <div class="crossSellContent">
	                        <div class="pricingAndTrolleyFormWrapper"> 
		                         <div class="pricingReviews">
		                            <div class="pricing">
		                                
	<p class="pricePerUnit">
    Â£1.00<abbr title="per">/</abbr><abbr title="unit"><span class="pricePerUnitUnit">unit</span></abbr>
</p>
 
    <p class="pricePerMeasure">Â£0.16<abbr title="per">/</abbr>100<abbr title="gram"><span class="pricePerMeasureMeasure">g</span></abbr>
    </p>

		                            </div>
		                        </div>
		                        <div class="addToTrolleyForm ">
		                           
		                            <!-- BEGIN AddToTrolley.jsp -->

		<form class="addToTrolleyForm" name="OrderItemAddForm_1111799_11150" action="OrderItemAdd" method="post" id="OrderItemAddForm_11150_1111799">
		    <input type="hidden" name="storeId" value="10151"><input type="hidden" name="langId" value="44"><input type="hidden" name="catalogId" value="10241"><input type="hidden" name="errorViewName" value="CategoryDisplayView"><input type="hidden" name="SKU_ID" value="7844465"><input type="hidden" name="itemType" value="X-SELL"><label class="access" for="quantity_1111798">Quantity</label>
		        
					<input name="quantity" id="quantity_1111798" type="text" size="3" value="1" class="quantity"><input type="hidden" name="catEntryId" value="1111799"><input type="hidden" name="productId" value="1111798"><input type="hidden" name="URL" value="http://www.sainsburys.co.uk/webapp/wcs/stores/servlet/CategoryDisplay?msg=&amp;langId=44&amp;storeId=10151&amp;krypto=hxfwQxc17VeEgm9tq%2BkMsUCLMbf58ztJqFT7V2aaDz0OqAmYohAdCDjaVGIIaCbFpq%2FHFodzQSWs%2FbTWf05kMedrc%2F57rY9Ir7rIQSzGJQrn26jnJCI5%2FSbRh2%2BdfB2orIt1139NEwfBLd4v6o0RgGZKjkvCwaqibNIHldqwYzg%3D&amp;ddkey=http%3Agb%2Fgroceries%2Fdairy%2Fspreadable-butter--"><input type="hidden" name="page" value=""><input type="hidden" name="contractId" value=""><input type="hidden" name="calculateOrder" value="1"><input type="hidden" name="calculationUsage" value="-1,-2,-3"><input type="hidden" name="updateable" value="1"><input type="hidden" name="merge" value="***"><input type="hidden" name="callAjax" value="false"><input class="button process" type="submit" name="Add" value="Add">
</form>
	<!-- END AddToTrolley.jsp -->
        <div class="numberInTrolley hidden numberInTrolley_1111798" id="numberInTrolley_1111798">
            
        </div>
    
		                        </div>
		                    </div>                
	                        <div class="crossSellInfo">
	                            <h4 class="crossSellName">
                                    <span class="access">Try this product with </span>
	                                <a href="http://www.sainsburys.co.uk/shop/gb/groceries/allinson-rustic-white-bread-650g">
	                                    Allinson Rustic White Bread 650g
	                                    <img src="/wcsstore7.20.1.145/ExtendedSitesCatalogAssetStore/images/catalog/productImages/11/5010092736911/5010092736911_S.jpeg" alt=""></a>
	                            </h4>
	                            
    <div class="promotion">
                   
		            <p><a href="http://www.sainsburys.co.uk/shop/PromotionDisplayView?catalogId=10058&amp;langId=44&amp;productId=1111798&amp;storeId=10151&amp;promotionId=10233485"><!-- BEGIN include/PromotionStrapline.jspf -->Only Â£1.00: Save 35p<br><!-- FINISH include/PromotionStrapline.jspf --></a></p>
		                        
    </div>

	                        </div>
	                    </div>
	                    <!--ThumbnailRestriction -->
                    </div>                
            
                <!-- END CatalogEntryThumbnailMerchandisingAssociation.jspf --><!-- END MerchandisingAssociationsDisplay.jsp --> 
	    		</div>
	    <!-- END CatalogEntryThumbnailDisplay.jsp -->
	                            </div>
</li>
	                         

	                            <li class="gridItem" style="min-height: 637px;">
	                                <!-- BEGIN CatalogEntryThumbnailDisplay.jsp --><!-- BEGIN MerchandisingAssociationsDisplay.jsp --><!-- Start - JSP File Name:  MerchandisingAssociationsDisplay.jsp -->
    <div class="coverage ranged"></div>
<!-- END MerchandisingAssociationsDisplay.jsp -->
	            	<div id="hasCrossSell_111089" class="product hasCrossSell  highlighted specialOffer straplineRow"> 
	                
                        <div class="productInfo">
                        	<div class="productNameAndPromotions">
                                
                                        <h3>
                                            <a href="http://www.sainsburys.co.uk/shop/gb/groceries/spreadable-butter--/anchor-spreadable-500g">
                                                Anchor Spreadable 500g
                                                <img src="http://c2.sainsburys.co.uk/wcsstore7.20.1.145/ExtendedSitesCatalogAssetStore/images/catalog/productImages/53/5707361100053/5707361100053_L.jpeg" alt=""></a>
                                        </h3>
                                    
    <div class="promotion">
                   
		            <p><a href="http://www.sainsburys.co.uk/shop/PromotionDisplayView?catalogId=10228&amp;langId=44&amp;productId=111088&amp;storeId=10151&amp;promotionId=10232301"><!-- BEGIN include/PromotionStrapline.jspf -->Only Â£2.00: Save Â£1.00<br><!-- FINISH include/PromotionStrapline.jspf --></a></p>
		                        
    </div>
    
                            </div>
                                                      
                        </div>
                        
                        
                        
                    
                    <div class="addToTrolleytabBox">
                        <!-- Start UserSubscribedOrNot.jspf --><!-- Start UserSubscribedOrNot.jsp --><!-- 
			If the user is not logged in, render this opening 
			DIV adding an addtional class to fix the border top which is removed 
			and replaced by the tabs
		-->
		<div class="addToTrolleytabContainer addItemBorderTop">
	<!-- End AddToSubscriptionList.jsp --><!-- End AddSubscriptionList.jspf --><!-- 
                        ATTENTION!!!
                        <div class="addToTrolleytabContainer">
                        This opening div is inside "../../ReusableObjects/UserSubscribedOrNot.jsp"
                        -->
                        
		                <!--  <div class="pricingAndTrolleyFormWrapper"> -->
	                <div class="pricingAndTrolleyOptions">   
	                    <div class="priceTab activeContainer priceTabContainer" id="addItem_111089"> 
	                        <div class="pricing">
	                            
	<p class="pricePerUnit">
    Â£2.00<abbr title="per">/</abbr><abbr title="unit"><span class="pricePerUnitUnit">unit</span></abbr>
</p>
 
    <p class="pricePerMeasure">Â£4.00<abbr title="per">/</abbr><abbr title="kilogram"><span class="pricePerMeasureMeasure">kg</span></abbr>
    </p>

	                        </div>                        
	                        
	                                    <div class="addToTrolleyForm ">                                    	
	                                        
	                                        <!-- BEGIN AddToTrolley.jsp -->

		<form class="addToTrolleyForm" name="OrderItemAddForm_111089" action="OrderItemAdd" method="post" id="OrderItemAddForm_111089">
		    <input type="hidden" name="storeId" value="10151"><input type="hidden" name="langId" value="44"><input type="hidden" name="catalogId" value="10241"><input type="hidden" name="errorViewName" value="CategoryDisplayView"><input type="hidden" name="SKU_ID" value="2836447"><input type="hidden" name="itemType" value=""><label class="access" for="quantity_111088">Quantity</label>
		        
					<input name="quantity" id="quantity_111088" type="text" size="3" value="1" class="quantity"><input type="hidden" name="catEntryId" value="111089"><input type="hidden" name="productId" value="111088"><input type="hidden" name="URL" value="http://www.sainsburys.co.uk/webapp/wcs/stores/servlet/CategoryDisplay?msg=&amp;langId=44&amp;storeId=10151&amp;krypto=hxfwQxc17VeEgm9tq%2BkMsUCLMbf58ztJqFT7V2aaDz0OqAmYohAdCDjaVGIIaCbFpq%2FHFodzQSWs%2FbTWf05kMedrc%2F57rY9Ir7rIQSzGJQrn26jnJCI5%2FSbRh2%2BdfB2orIt1139NEwfBLd4v6o0RgGZKjkvCwaqibNIHldqwYzg%3D&amp;ddkey=http%3Agb%2Fgroceries%2Fdairy%2Fspreadable-butter--"><input type="hidden" name="page" value=""><input type="hidden" name="contractId" value=""><input type="hidden" name="calculateOrder" value="1"><input type="hidden" name="calculationUsage" value="-1,-2,-3"><input type="hidden" name="updateable" value="1"><input type="hidden" name="merge" value="***"><input type="hidden" name="callAjax" value="false"><input class="button process" type="submit" name="Add" value="Add">
</form>
	<!-- END AddToTrolley.jsp -->
        <div class="numberInTrolley hidden numberInTrolley_111088" id="numberInTrolley_111088">
            
        </div>
    
	                                    </div>
		                                
                        </div>
                        <!-- Start AddToSubscriptionList.jspf --><!-- Start AddToSubscriptionList.jsp --><!-- End AddToSubscriptionList.jsp --><!-- End AddToSubscriptionList.jspf -->
                    </div>
		                        
                        <!-- </div> -->
                </div>     
        	</div>

            
        <div class="strapline"><a href="http://www.sainsburys.co.uk/shop/PromotionDisplayView?catalogId=10228&amp;langId=44&amp;productId=111088&amp;storeId=10151&amp;promotionId=10232301"><img src="/wcsstore7.20.1.145/SainsburysStorefrontAssetStore/wcassets/icons/special/img-special-offer.png" alt="Special Offer"></a></div>
    <!--ThumbnailRestriction -->
                        
            <div class="errorBanner hidden" id="error111089"></div>                                 
               <div id="additionalItems_111089" class="additionalItems">
			        <!-- BEGIN MerchandisingAssociationsDisplay.jsp --><!-- Start - JSP File Name:  MerchandisingAssociationsDisplay.jsp --><!-- BEGIN CatalogEntryThumbnailMerchandisingAssociation.jspf -->                    
                    <div id="sitecatalyst_SELL_TYPE_1056060" class="siteCatalystTag">X-SELL</div>
                    <div class="crossSell">
                        <div class="crossSellTitle">
                            <!-- BEGIN ContentDisplay.jsp -->
	                <img src="/wcsstore7.20.1.145/SainsburysStorefrontAssetStore/wcassets/merchandising_associations/great_with_grid_202x32.gif" alt="wcassets/merchandising_associations/great_with_grid_202x32.gif" border="0"><!-- end: ContentDisplay.jsp -->
</div>
                        <div class="errorBanner hidden" id="error1184841056061"></div>
                        <div class="crossSellContent">
	                        <div class="pricingAndTrolleyFormWrapper"> 
		                         <div class="pricingReviews">
		                            <div class="pricing">
		                                
	<p class="pricePerUnit">
    Â£2.50<abbr title="per">/</abbr><abbr title="unit"><span class="pricePerUnitUnit">unit</span></abbr>
</p>
 
    <p class="pricePerMeasure">Â£1.67<abbr title="per">/</abbr>100<abbr title="gram"><span class="pricePerMeasureMeasure">g</span></abbr>
    </p>

		                            </div>
		                        </div>
		                        <div class="addToTrolleyForm ">
		                           
		                            <!-- BEGIN AddToTrolley.jsp -->

		<form class="addToTrolleyForm" name="OrderItemAddForm_1056061_118484" action="OrderItemAdd" method="post" id="OrderItemAddForm_118484_1056061">
		    <input type="hidden" name="storeId" value="10151"><input type="hidden" name="langId" value="44"><input type="hidden" name="catalogId" value="10241"><input type="hidden" name="errorViewName" value="CategoryDisplayView"><input type="hidden" name="SKU_ID" value="7815051"><input type="hidden" name="itemType" value="X-SELL"><label class="access" for="quantity_1056060">Quantity</label>
		        
					<input name="quantity" id="quantity_1056060" type="text" size="3" value="1" class="quantity"><input type="hidden" name="catEntryId" value="1056061"><input type="hidden" name="productId" value="1056060"><input type="hidden" name="URL" value="http://www.sainsburys.co.uk/webapp/wcs/stores/servlet/CategoryDisplay?msg=&amp;langId=44&amp;storeId=10151&amp;krypto=hxfwQxc17VeEgm9tq%2BkMsUCLMbf58ztJqFT7V2aaDz0OqAmYohAdCDjaVGIIaCbFpq%2FHFodzQSWs%2FbTWf05kMedrc%2F57rY9Ir7rIQSzGJQrn26jnJCI5%2FSbRh2%2BdfB2orIt1139NEwfBLd4v6o0RgGZKjkvCwaqibNIHldqwYzg%3D&amp;ddkey=http%3Agb%2Fgroceries%2Fdairy%2Fspreadable-butter--"><input type="hidden" name="page" value=""><input type="hidden" name="contractId" value=""><input type="hidden" name="calculateOrder" value="1"><input type="hidden" name="calculationUsage" value="-1,-2,-3"><input type="hidden" name="updateable" value="1"><input type="hidden" name="merge" value="***"><input type="hidden" name="callAjax" value="false"><input class="button process" type="submit" name="Add" value="Add">
</form>
	<!-- END AddToTrolley.jsp -->
        <div class="numberInTrolley hidden numberInTrolley_1056060" id="numberInTrolley_1056060">
            
        </div>
    
		                        </div>
		                    </div>                
	                        <div class="crossSellInfo">
	                            <h4 class="crossSellName">
                                    <span class="access">Try this product with </span>
	                                <a href="http://www.sainsburys.co.uk/shop/gb/groceries/sainsburys-drury-lane-ham-150g">
	                                    Deli Express Drury Lane Ham 150g
	                                    <img src="/wcsstore7.20.1.145/ExtendedSitesCatalogAssetStore/images/catalog/productImages/36/0000000251136/0000000251136_S.jpeg" alt=""></a>
	                            </h4>
	                            
	                        </div>
	                    </div>
	                    <!--ThumbnailRestriction -->
                    </div>                
            
                <!-- END CatalogEntryThumbnailMerchandisingAssociation.jspf --><!-- END MerchandisingAssociationsDisplay.jsp --> 
	    		</div>
	    <!-- END CatalogEntryThumbnailDisplay.jsp -->
	                            </div>
</li>
	                         

	                            <li class="gridItem" style="min-height: 637px;">
	                                <!-- BEGIN CatalogEntryThumbnailDisplay.jsp --><!-- BEGIN MerchandisingAssociationsDisplay.jsp --><!-- Start - JSP File Name:  MerchandisingAssociationsDisplay.jsp -->
    <div class="coverage ranged"></div>
<!-- END MerchandisingAssociationsDisplay.jsp -->
            <div class="product  straplineRow">
                
                <div class="productInfo">
                    <div class="productNameAndPromotions">
                        
                                  <h3>
                                    <a href="http://www.sainsburys.co.uk/shop/gb/groceries/spreadable-butter--/lurpak-spreadable--lighter-500g">
                                        Lurpak Lighter Spreadable 500g
                                        <img src="http://c2.sainsburys.co.uk/wcsstore7.20.1.145/ExtendedSitesCatalogAssetStore/images/catalog/productImages/07/5740900815407/5740900815407_L.jpeg" alt=""></a>
                                </h3>
                              
                    </div> 
                </div>
                
                <div class="errorBanner hidden" id="error112131"></div>
                <div class="addToTrolleytabBox">   
                    <!--addToTrolleytabBox GRID VIEW --><!-- Start UserSubscribedOrNot.jspf --><!-- Start UserSubscribedOrNot.jsp --><!-- 
			If the user is not logged in, render this opening 
			DIV adding an addtional class to fix the border top which is removed 
			and replaced by the tabs
		-->
		<div class="addToTrolleytabContainer addItemBorderTop">
	<!-- End AddToSubscriptionList.jsp --><!-- End AddSubscriptionList.jspf --><!-- 
                    ATTENTION!!!
                    <div class="addToTrolleytabContainer">
                    This opening div is inside "../../ReusableObjects/UserSubscribedOrNot.jsp"
                    -->
                    <div class="pricingAndTrolleyOptions">
                    	
                                    <div class="priceTab priceTabContainer activeContainer addItem" id="addItem_112131">
                                       <div class="pricing">
                                           
	<p class="pricePerUnit">
    Â£3.25<abbr title="per">/</abbr><abbr title="unit"><span class="pricePerUnitUnit">unit</span></abbr>
</p>
 
    <p class="pricePerMeasure">Â£6.50<abbr title="per">/</abbr><abbr title="kilogram"><span class="pricePerMeasureMeasure">kg</span></abbr>
    </p>

                                       </div>                                      

                                     
                                        <div class="addToTrolleyForm "> 
                                           <!-- BEGIN AddToTrolley.jsp -->

		<form class="addToTrolleyForm" name="OrderItemAddForm_112131" action="OrderItemAdd" method="post" id="OrderItemAddForm_112131">
		    <input type="hidden" name="storeId" value="10151"><input type="hidden" name="langId" value="44"><input type="hidden" name="catalogId" value="10241"><input type="hidden" name="errorViewName" value="CategoryDisplayView"><input type="hidden" name="SKU_ID" value="3791790"><input type="hidden" name="itemType" value=""><label class="access" for="quantity_112130">Quantity</label>
		        
					<input name="quantity" id="quantity_112130" type="text" size="3" value="1" class="quantity"><input type="hidden" name="catEntryId" value="112131"><input type="hidden" name="productId" value="112130"><input type="hidden" name="URL" value="http://www.sainsburys.co.uk/webapp/wcs/stores/servlet/CategoryDisplay?msg=&amp;langId=44&amp;storeId=10151&amp;krypto=hxfwQxc17VeEgm9tq%2BkMsUCLMbf58ztJqFT7V2aaDz0OqAmYohAdCDjaVGIIaCbFpq%2FHFodzQSWs%2FbTWf05kMedrc%2F57rY9Ir7rIQSzGJQrn26jnJCI5%2FSbRh2%2BdfB2orIt1139NEwfBLd4v6o0RgGZKjkvCwaqibNIHldqwYzg%3D&amp;ddkey=http%3Agb%2Fgroceries%2Fdairy%2Fspreadable-butter--"><input type="hidden" name="page" value=""><input type="hidden" name="contractId" value=""><input type="hidden" name="calculateOrder" value="1"><input type="hidden" name="calculationUsage" value="-1,-2,-3"><input type="hidden" name="updateable" value="1"><input type="hidden" name="merge" value="***"><input type="hidden" name="callAjax" value="false"><input class="button process" type="submit" name="Add" value="Add">
</form>
	<!-- END AddToTrolley.jsp -->
        <div class="numberInTrolley hidden numberInTrolley_112130" id="numberInTrolley_112130">
            
        </div>
    
                                        </div>

                                        <!-- BEGIN CatalogEntryRatingsReviewsInfo.jspf --><!-- productAllowedRatingsAndReviews: true -->
    <div class="reviews">
        
            <a class="numberOfReviews" href="http://www.sainsburys.co.uk/shop/gb/groceries/spreadable-butter--/lurpak-spreadable--lighter-500g#reviews">
                <img src="http://c2.sainsburys.co.uk/wcsstore7.20.1.145/SainsburysStorefrontAssetStore/img/stars/rating-3_8.gif" alt="3.7857" border="0">Â  
                Reviews (14)
            </a>
        
    </div>
<!-- END CatalogEntryRatingsReviewsInfo.jspf -->
                                   </div>
                               <!-- Start AddToSubscriptionList.jspf --><!-- Start AddToSubscriptionList.jsp --><!-- End AddToSubscriptionList.jsp --><!-- End AddToSubscriptionList.jspf -->     
                    </div>
                            
                    
                </div>     
            </div>
            <!--ThumbnailRestriction --><!-- END CatalogEntryThumbnailDisplay.jsp -->
	                            </div>
</li>
	                         

	                            <li class="gridItem" style="min-height: 449px;">
	                                <!-- BEGIN CatalogEntryThumbnailDisplay.jsp --><!-- BEGIN MerchandisingAssociationsDisplay.jsp --><!-- Start - JSP File Name:  MerchandisingAssociationsDisplay.jsp --><!-- END MerchandisingAssociationsDisplay.jsp -->
            <div class="product  straplineRow">
                
                <div class="productInfo">
                    <div class="productNameAndPromotions">
                        
                                  <h3>
                                    <a href="http://www.sainsburys.co.uk/shop/gb/groceries/spreadable-butter--/country-life-spreadable-500g">
                                        Country Life Spreadable 500g
                                        <img src="http://c2.sainsburys.co.uk/wcsstore7.20.1.145/ExtendedSitesCatalogAssetStore/images/catalog/productImages/06/5010171005006/5010171005006_L.jpeg" alt=""></a>
                                </h3>
                              
                    </div> 
                </div>
                
                <div class="errorBanner hidden" id="error112287"></div>
                <div class="addToTrolleytabBox">   
                    <!--addToTrolleytabBox GRID VIEW --><!-- Start UserSubscribedOrNot.jspf --><!-- Start UserSubscribedOrNot.jsp --><!-- 
			If the user is not logged in, render this opening 
			DIV adding an addtional class to fix the border top which is removed 
			and replaced by the tabs
		-->
		<div class="addToTrolleytabContainer addItemBorderTop">
	<!-- End AddToSubscriptionList.jsp --><!-- End AddSubscriptionList.jspf --><!-- 
                    ATTENTION!!!
                    <div class="addToTrolleytabContainer">
                    This opening div is inside "../../ReusableObjects/UserSubscribedOrNot.jsp"
                    -->
                    <div class="pricingAndTrolleyOptions">
                    	
                                    <div class="priceTab priceTabContainer activeContainer addItem" id="addItem_112287">
                                       <div class="pricing">
                                           
	<p class="pricePerUnit">
    Â£3.00<abbr title="per">/</abbr><abbr title="unit"><span class="pricePerUnitUnit">unit</span></abbr>
</p>
 
    <p class="pricePerMeasure">Â£6.00<abbr title="per">/</abbr><abbr title="kilogram"><span class="pricePerMeasureMeasure">kg</span></abbr>
    </p>

                                       </div>                                      

                                     
                                        <div class="addToTrolleyForm "> 
                                           <!-- BEGIN AddToTrolley.jsp -->

		<form class="addToTrolleyForm" name="OrderItemAddForm_112287" action="OrderItemAdd" method="post" id="OrderItemAddForm_112287">
		    <input type="hidden" name="storeId" value="10151"><input type="hidden" name="langId" value="44"><input type="hidden" name="catalogId" value="10241"><input type="hidden" name="errorViewName" value="CategoryDisplayView"><input type="hidden" name="SKU_ID" value="3872987"><input type="hidden" name="itemType" value=""><label class="access" for="quantity_112286">Quantity</label>
		        
					<input name="quantity" id="quantity_112286" type="text" size="3" value="1" class="quantity"><input type="hidden" name="catEntryId" value="112287"><input type="hidden" name="productId" value="112286"><input type="hidden" name="URL" value="http://www.sainsburys.co.uk/webapp/wcs/stores/servlet/CategoryDisplay?msg=&amp;langId=44&amp;storeId=10151&amp;krypto=hxfwQxc17VeEgm9tq%2BkMsUCLMbf58ztJqFT7V2aaDz0OqAmYohAdCDjaVGIIaCbFpq%2FHFodzQSWs%2FbTWf05kMedrc%2F57rY9Ir7rIQSzGJQrn26jnJCI5%2FSbRh2%2BdfB2orIt1139NEwfBLd4v6o0RgGZKjkvCwaqibNIHldqwYzg%3D&amp;ddkey=http%3Agb%2Fgroceries%2Fdairy%2Fspreadable-butter--"><input type="hidden" name="page" value=""><input type="hidden" name="contractId" value=""><input type="hidden" name="calculateOrder" value="1"><input type="hidden" name="calculationUsage" value="-1,-2,-3"><input type="hidden" name="updateable" value="1"><input type="hidden" name="merge" value="***"><input type="hidden" name="callAjax" value="false"><input class="button process" type="submit" name="Add" value="Add">
</form>
	<!-- END AddToTrolley.jsp -->
        <div class="numberInTrolley hidden numberInTrolley_112286" id="numberInTrolley_112286">
            
        </div>
    
                                        </div>

                                        <!-- BEGIN CatalogEntryRatingsReviewsInfo.jspf --><!-- productAllowedRatingsAndReviews: true -->
    <div class="reviews">
        
            <a class="numberOfReviews" href="http://www.sainsburys.co.uk/shop/gb/groceries/spreadable-butter--/country-life-spreadable-500g#reviews">
                <img src="http://c2.sainsburys.co.uk/wcsstore7.20.1.145/SainsburysStorefrontAssetStore/img/stars/rating-4_2.gif" alt="4.2" border="0">Â  
                Reviews (5)
            </a>
        
    </div>
<!-- END CatalogEntryRatingsReviewsInfo.jspf -->
                                   </div>
                               <!-- Start AddToSubscriptionList.jspf --><!-- Start AddToSubscriptionList.jsp --><!-- End AddToSubscriptionList.jsp --><!-- End AddToSubscriptionList.jspf -->     
                    </div>
                            
                    
                </div>     
            </div>
            <!--ThumbnailRestriction --><!-- END CatalogEntryThumbnailDisplay.jsp -->
	                            </div>
</li>
	                         

	                            <li class="gridItem" style="min-height: 449px;">
	                                <!-- BEGIN CatalogEntryThumbnailDisplay.jsp --><!-- BEGIN MerchandisingAssociationsDisplay.jsp --><!-- Start - JSP File Name:  MerchandisingAssociationsDisplay.jsp --><!-- END MerchandisingAssociationsDisplay.jsp -->
            <div class="product  highlighted specialOffer straplineRow">
                
                <div class="productInfo">
                    <div class="productNameAndPromotions">
                        
                                  <h3>
                                    <a href="http://www.sainsburys.co.uk/shop/gb/groceries/spreadable-butter--/anchor-lighter-spreadable-500g">
                                        Anchor Lighter Spreadable 500g
                                        <img src="http://c2.sainsburys.co.uk/wcsstore7.20.1.145/ExtendedSitesCatalogAssetStore/images/catalog/productImages/38/5707361100138/5707361100138_L.jpeg" alt=""></a>
                                </h3>
                              
    <div class="promotion">
                   
		            <p><a href="http://www.sainsburys.co.uk/shop/PromotionDisplayView?catalogId=10228&amp;langId=44&amp;productId=114110&amp;storeId=10151&amp;promotionId=10232301"><!-- BEGIN include/PromotionStrapline.jspf -->Only Â£2.00: Save Â£1.00<br><!-- FINISH include/PromotionStrapline.jspf --></a></p>
		                        
    </div>

                    </div> 
                </div>
                
        <div class="strapline"><a href="http://www.sainsburys.co.uk/shop/PromotionDisplayView?catalogId=10228&amp;langId=44&amp;productId=114110&amp;storeId=10151&amp;promotionId=10232301"><img src="/wcsstore7.20.1.145/SainsburysStorefrontAssetStore/wcassets/icons/special/img-special-offer.png" alt="Special Offer"></a></div>
    
                <div class="errorBanner hidden" id="error114111"></div>
                <div class="addToTrolleytabBox">   
                    <!--addToTrolleytabBox GRID VIEW --><!-- Start UserSubscribedOrNot.jspf --><!-- Start UserSubscribedOrNot.jsp --><!-- 
			If the user is not logged in, render this opening 
			DIV adding an addtional class to fix the border top which is removed 
			and replaced by the tabs
		-->
		<div class="addToTrolleytabContainer addItemBorderTop">
	<!-- End AddToSubscriptionList.jsp --><!-- End AddSubscriptionList.jspf --><!-- 
                    ATTENTION!!!
                    <div class="addToTrolleytabContainer">
                    This opening div is inside "../../ReusableObjects/UserSubscribedOrNot.jsp"
                    -->
                    <div class="pricingAndTrolleyOptions">
                    	
                                    <div class="priceTab priceTabContainer activeContainer addItem" id="addItem_114111">
                                       <div class="pricing">
                                           
	<p class="pricePerUnit">
    Â£2.00<abbr title="per">/</abbr><abbr title="unit"><span class="pricePerUnitUnit">unit</span></abbr>
</p>
 
    <p class="pricePerMeasure">Â£4.00<abbr title="per">/</abbr><abbr title="kilogram"><span class="pricePerMeasureMeasure">kg</span></abbr>
    </p>

                                       </div>                                      

                                     
                                        <div class="addToTrolleyForm "> 
                                           <!-- BEGIN AddToTrolley.jsp -->

		<form class="addToTrolleyForm" name="OrderItemAddForm_114111" action="OrderItemAdd" method="post" id="OrderItemAddForm_114111">
		    <input type="hidden" name="storeId" value="10151"><input type="hidden" name="langId" value="44"><input type="hidden" name="catalogId" value="10241"><input type="hidden" name="errorViewName" value="CategoryDisplayView"><input type="hidden" name="SKU_ID" value="6281700"><input type="hidden" name="itemType" value=""><label class="access" for="quantity_114110">Quantity</label>
		        
					<input name="quantity" id="quantity_114110" type="text" size="3" value="1" class="quantity"><input type="hidden" name="catEntryId" value="114111"><input type="hidden" name="productId" value="114110"><input type="hidden" name="URL" value="http://www.sainsburys.co.uk/webapp/wcs/stores/servlet/CategoryDisplay?msg=&amp;langId=44&amp;storeId=10151&amp;krypto=hxfwQxc17VeEgm9tq%2BkMsUCLMbf58ztJqFT7V2aaDz0OqAmYohAdCDjaVGIIaCbFpq%2FHFodzQSWs%2FbTWf05kMedrc%2F57rY9Ir7rIQSzGJQrn26jnJCI5%2FSbRh2%2BdfB2orIt1139NEwfBLd4v6o0RgGZKjkvCwaqibNIHldqwYzg%3D&amp;ddkey=http%3Agb%2Fgroceries%2Fdairy%2Fspreadable-butter--"><input type="hidden" name="page" value=""><input type="hidden" name="contractId" value=""><input type="hidden" name="calculateOrder" value="1"><input type="hidden" name="calculationUsage" value="-1,-2,-3"><input type="hidden" name="updateable" value="1"><input type="hidden" name="merge" value="***"><input type="hidden" name="callAjax" value="false"><input class="button process" type="submit" name="Add" value="Add">
</form>
	<!-- END AddToTrolley.jsp -->
        <div class="numberInTrolley hidden numberInTrolley_114110" id="numberInTrolley_114110">
            
        </div>
    
                                        </div>

                                        <!-- BEGIN CatalogEntryRatingsReviewsInfo.jspf --><!-- productAllowedRatingsAndReviews: true -->
    <div class="reviews">
        
            <a class="numberOfReviews" href="http://www.sainsburys.co.uk/shop/gb/groceries/spreadable-butter--/anchor-lighter-spreadable-500g#reviews">
                <img src="http://c2.sainsburys.co.uk/wcsstore7.20.1.145/SainsburysStorefrontAssetStore/img/stars/rating-4_5.gif" alt="4.5" border="0">Â  
                Reviews (6)
            </a>
        
    </div>
<!-- END CatalogEntryRatingsReviewsInfo.jspf -->
                                   </div>
                               <!-- Start AddToSubscriptionList.jspf --><!-- Start AddToSubscriptionList.jsp --><!-- End AddToSubscriptionList.jsp --><!-- End AddToSubscriptionList.jspf -->     
                    </div>
                            
                    
                </div>     
            </div>
            <!--ThumbnailRestriction --><!-- END CatalogEntryThumbnailDisplay.jsp -->
	                            </div>
</li>
	                         

	                            <li class="gridItem" style="min-height: 449px;">
	                                <!-- BEGIN CatalogEntryThumbnailDisplay.jsp --><!-- BEGIN MerchandisingAssociationsDisplay.jsp --><!-- Start - JSP File Name:  MerchandisingAssociationsDisplay.jsp --><!-- END MerchandisingAssociationsDisplay.jsp -->
            <div class="product  straplineRow">
                
                <div class="productInfo">
                    <div class="productNameAndPromotions">
                        
                                  <h3>
                                    <a href="http://www.sainsburys.co.uk/shop/gb/groceries/spreadable-butter--/lurpak-spreadable--slightly-salted-250g">
                                        Lurpak Slightly Salted Spreadable 250g
                                        <img src="http://c2.sainsburys.co.uk/wcsstore7.20.1.145/ExtendedSitesCatalogAssetStore/images/catalog/productImages/09/5740900805309/5740900805309_L.jpeg" alt=""></a>
                                </h3>
                              
                    </div> 
                </div>
                
                <div class="errorBanner hidden" id="error111203"></div>
                <div class="addToTrolleytabBox">   
                    <!--addToTrolleytabBox GRID VIEW --><!-- Start UserSubscribedOrNot.jspf --><!-- Start UserSubscribedOrNot.jsp --><!-- 
			If the user is not logged in, render this opening 
			DIV adding an addtional class to fix the border top which is removed 
			and replaced by the tabs
		-->
		<div class="addToTrolleytabContainer addItemBorderTop">
	<!-- End AddToSubscriptionList.jsp --><!-- End AddSubscriptionList.jspf --><!-- 
                    ATTENTION!!!
                    <div class="addToTrolleytabContainer">
                    This opening div is inside "../../ReusableObjects/UserSubscribedOrNot.jsp"
                    -->
                    <div class="pricingAndTrolleyOptions">
                    	
                                    <div class="priceTab priceTabContainer activeContainer addItem" id="addItem_111203">
                                       <div class="pricing">
                                           
	<p class="pricePerUnit">
    Â£1.80<abbr title="per">/</abbr><abbr title="unit"><span class="pricePerUnitUnit">unit</span></abbr>
</p>
 
    <p class="pricePerMeasure">Â£7.20<abbr title="per">/</abbr><abbr title="kilogram"><span class="pricePerMeasureMeasure">kg</span></abbr>
    </p>

                                       </div>                                      

                                     
                                        <div class="addToTrolleyForm "> 
                                           <!-- BEGIN AddToTrolley.jsp -->

		<form class="addToTrolleyForm" name="OrderItemAddForm_111203" action="OrderItemAdd" method="post" id="OrderItemAddForm_111203">
		    <input type="hidden" name="storeId" value="10151"><input type="hidden" name="langId" value="44"><input type="hidden" name="catalogId" value="10241"><input type="hidden" name="errorViewName" value="CategoryDisplayView"><input type="hidden" name="SKU_ID" value="2934945"><input type="hidden" name="itemType" value=""><label class="access" for="quantity_111202">Quantity</label>
		        
					<input name="quantity" id="quantity_111202" type="text" size="3" value="1" class="quantity"><input type="hidden" name="catEntryId" value="111203"><input type="hidden" name="productId" value="111202"><input type="hidden" name="URL" value="http://www.sainsburys.co.uk/webapp/wcs/stores/servlet/CategoryDisplay?msg=&amp;langId=44&amp;storeId=10151&amp;krypto=hxfwQxc17VeEgm9tq%2BkMsUCLMbf58ztJqFT7V2aaDz0OqAmYohAdCDjaVGIIaCbFpq%2FHFodzQSWs%2FbTWf05kMedrc%2F57rY9Ir7rIQSzGJQrn26jnJCI5%2FSbRh2%2BdfB2orIt1139NEwfBLd4v6o0RgGZKjkvCwaqibNIHldqwYzg%3D&amp;ddkey=http%3Agb%2Fgroceries%2Fdairy%2Fspreadable-butter--"><input type="hidden" name="page" value=""><input type="hidden" name="contractId" value=""><input type="hidden" name="calculateOrder" value="1"><input type="hidden" name="calculationUsage" value="-1,-2,-3"><input type="hidden" name="updateable" value="1"><input type="hidden" name="merge" value="***"><input type="hidden" name="callAjax" value="false"><input class="button process" type="submit" name="Add" value="Add">
</form>
	<!-- END AddToTrolley.jsp -->
        <div class="numberInTrolley hidden numberInTrolley_111202" id="numberInTrolley_111202">
            
        </div>
    
                                        </div>

                                        <!-- BEGIN CatalogEntryRatingsReviewsInfo.jspf --><!-- productAllowedRatingsAndReviews: true -->
    <div class="reviews">
        
            <a class="numberOfReviews" href="http://www.sainsburys.co.uk/shop/gb/groceries/spreadable-butter--/lurpak-spreadable--slightly-salted-250g#reviews">
                <img src="http://c2.sainsburys.co.uk/wcsstore7.20.1.145/SainsburysStorefrontAssetStore/img/stars/rating-5_0.gif" alt="5.0" border="0">Â  
                Reviews (3)
            </a>
        
    </div>
<!-- END CatalogEntryRatingsReviewsInfo.jspf -->
                                   </div>
                               <!-- Start AddToSubscriptionList.jspf --><!-- Start AddToSubscriptionList.jsp --><!-- End AddToSubscriptionList.jsp --><!-- End AddToSubscriptionList.jspf -->     
                    </div>
                            
                    
                </div>     
            </div>
            <!--ThumbnailRestriction --><!-- END CatalogEntryThumbnailDisplay.jsp -->
	                            </div>
</li>
	                         

	                            <li class="gridItem" style="min-height: 477px;">
	                                <!-- BEGIN CatalogEntryThumbnailDisplay.jsp --><!-- BEGIN MerchandisingAssociationsDisplay.jsp --><!-- Start - JSP File Name:  MerchandisingAssociationsDisplay.jsp --><!-- END MerchandisingAssociationsDisplay.jsp -->
            <div class="product ">
                
                <div class="productInfo">
                    <div class="productNameAndPromotions">
                        
                                  <h3>
                                    <a href="http://www.sainsburys.co.uk/shop/gb/groceries/spreadable-butter--/lurpak-spreadable-unsalted-500g">
                                        Lurpak Unsalted Spreadable 500g
                                        <img src="http://c2.sainsburys.co.uk/wcsstore7.20.1.145/ExtendedSitesCatalogAssetStore/images/catalog/productImages/86/5740900400986/5740900400986_L.jpeg" alt=""></a>
                                </h3>
                              
                    </div> 
                </div>
                
                <div class="errorBanner hidden" id="error116315"></div>
                <div class="addToTrolleytabBox">   
                    <!--addToTrolleytabBox GRID VIEW --><!-- Start UserSubscribedOrNot.jspf --><!-- Start UserSubscribedOrNot.jsp --><!-- 
			If the user is not logged in, render this opening 
			DIV adding an addtional class to fix the border top which is removed 
			and replaced by the tabs
		-->
		<div class="addToTrolleytabContainer addItemBorderTop">
	<!-- End AddToSubscriptionList.jsp --><!-- End AddSubscriptionList.jspf --><!-- 
                    ATTENTION!!!
                    <div class="addToTrolleytabContainer">
                    This opening div is inside "../../ReusableObjects/UserSubscribedOrNot.jsp"
                    -->
                    <div class="pricingAndTrolleyOptions">
                    	
                                    <div class="priceTab priceTabContainer activeContainer addItem" id="addItem_116315">
                                       <div class="pricing">
                                           
	<p class="pricePerUnit">
    Â£3.25<abbr title="per">/</abbr><abbr title="unit"><span class="pricePerUnitUnit">unit</span></abbr>
</p>
 
    <p class="pricePerMeasure">Â£6.50<abbr title="per">/</abbr><abbr title="kilogram"><span class="pricePerMeasureMeasure">kg</span></abbr>
    </p>

                                       </div>                                      

                                     
                                        <div class="addToTrolleyForm "> 
                                           <!-- BEGIN AddToTrolley.jsp -->

		<form class="addToTrolleyForm" name="OrderItemAddForm_116315" action="OrderItemAdd" method="post" id="OrderItemAddForm_116315">
		    <input type="hidden" name="storeId" value="10151"><input type="hidden" name="langId" value="44"><input type="hidden" name="catalogId" value="10241"><input type="hidden" name="errorViewName" value="CategoryDisplayView"><input type="hidden" name="SKU_ID" value="6637503"><input type="hidden" name="itemType" value=""><label class="access" for="quantity_116314">Quantity</label>
		        
					<input name="quantity" id="quantity_116314" type="text" size="3" value="1" class="quantity"><input type="hidden" name="catEntryId" value="116315"><input type="hidden" name="productId" value="116314"><input type="hidden" name="URL" value="http://www.sainsburys.co.uk/webapp/wcs/stores/servlet/CategoryDisplay?msg=&amp;langId=44&amp;storeId=10151&amp;krypto=hxfwQxc17VeEgm9tq%2BkMsUCLMbf58ztJqFT7V2aaDz0OqAmYohAdCDjaVGIIaCbFpq%2FHFodzQSWs%2FbTWf05kMedrc%2F57rY9Ir7rIQSzGJQrn26jnJCI5%2FSbRh2%2BdfB2orIt1139NEwfBLd4v6o0RgGZKjkvCwaqibNIHldqwYzg%3D&amp;ddkey=http%3Agb%2Fgroceries%2Fdairy%2Fspreadable-butter--"><input type="hidden" name="page" value=""><input type="hidden" name="contractId" value=""><input type="hidden" name="calculateOrder" value="1"><input type="hidden" name="calculationUsage" value="-1,-2,-3"><input type="hidden" name="updateable" value="1"><input type="hidden" name="merge" value="***"><input type="hidden" name="callAjax" value="false"><input class="button process" type="submit" name="Add" value="Add">
</form>
	<!-- END AddToTrolley.jsp -->
        <div class="numberInTrolley hidden numberInTrolley_116314" id="numberInTrolley_116314">
            
        </div>
    
                                        </div>

                                        <!-- BEGIN CatalogEntryRatingsReviewsInfo.jspf --><!-- productAllowedRatingsAndReviews: true -->
    <div class="reviews">
        
            <a class="numberOfReviews" href="http://www.sainsburys.co.uk/shop/gb/groceries/spreadable-butter--/lurpak-spreadable-unsalted-500g#reviews">
                <img src="http://c2.sainsburys.co.uk/wcsstore7.20.1.145/SainsburysStorefrontAssetStore/img/stars/rating-5_0.gif" alt="5.0" border="0">Â  
                Reviews (2)
            </a>
        
    </div>
<!-- END CatalogEntryRatingsReviewsInfo.jspf -->
                                   </div>
                               <!-- Start AddToSubscriptionList.jspf --><!-- Start AddToSubscriptionList.jsp --><!-- End AddToSubscriptionList.jsp --><!-- End AddToSubscriptionList.jspf -->     
                    </div>
                            
                    
                </div>     
            </div>
            <!--ThumbnailRestriction --><!-- END CatalogEntryThumbnailDisplay.jsp -->
	                            </div>
</li>
	                         

	                            <li class="gridItem" style="min-height: 477px;">
	                                <!-- BEGIN CatalogEntryThumbnailDisplay.jsp --><!-- BEGIN MerchandisingAssociationsDisplay.jsp --><!-- Start - JSP File Name:  MerchandisingAssociationsDisplay.jsp -->
    <div class="coverage ranged"></div>
<!-- END MerchandisingAssociationsDisplay.jsp -->
            <div class="product ">
                
                <div class="productInfo">
                    <div class="productNameAndPromotions">
                        
                                  <h3>
                                    <a href="http://www.sainsburys.co.uk/shop/gb/groceries/spreadable-butter--/lurpak-spreadable--lighter-250g">
                                        Lurpak Lighter Spreadable 250g
                                        <img src="http://c2.sainsburys.co.uk/wcsstore7.20.1.145/ExtendedSitesCatalogAssetStore/images/catalog/productImages/08/5740900815308/5740900815308_L.jpeg" alt=""></a>
                                </h3>
                              
                    </div> 
                </div>
                
                <div class="errorBanner hidden" id="error112129"></div>
                <div class="addToTrolleytabBox">   
                    <!--addToTrolleytabBox GRID VIEW --><!-- Start UserSubscribedOrNot.jspf --><!-- Start UserSubscribedOrNot.jsp --><!-- 
			If the user is not logged in, render this opening 
			DIV adding an addtional class to fix the border top which is removed 
			and replaced by the tabs
		-->
		<div class="addToTrolleytabContainer addItemBorderTop">
	<!-- End AddToSubscriptionList.jsp --><!-- End AddSubscriptionList.jspf --><!-- 
                    ATTENTION!!!
                    <div class="addToTrolleytabContainer">
                    This opening div is inside "../../ReusableObjects/UserSubscribedOrNot.jsp"
                    -->
                    <div class="pricingAndTrolleyOptions">
                    	
                                    <div class="priceTab priceTabContainer activeContainer addItem" id="addItem_112129">
                                       <div class="pricing">
                                           
	<p class="pricePerUnit">
    Â£1.80<abbr title="per">/</abbr><abbr title="unit"><span class="pricePerUnitUnit">unit</span></abbr>
</p>
 
    <p class="pricePerMeasure">Â£7.20<abbr title="per">/</abbr><abbr title="kilogram"><span class="pricePerMeasureMeasure">kg</span></abbr>
    </p>

                                       </div>                                      

                                     
                                        <div class="addToTrolleyForm "> 
                                           <!-- BEGIN AddToTrolley.jsp -->

		<form class="addToTrolleyForm" name="OrderItemAddForm_112129" action="OrderItemAdd" method="post" id="OrderItemAddForm_112129">
		    <input type="hidden" name="storeId" value="10151"><input type="hidden" name="langId" value="44"><input type="hidden" name="catalogId" value="10241"><input type="hidden" name="errorViewName" value="CategoryDisplayView"><input type="hidden" name="SKU_ID" value="3791783"><input type="hidden" name="itemType" value=""><label class="access" for="quantity_112128">Quantity</label>
		        
					<input name="quantity" id="quantity_112128" type="text" size="3" value="1" class="quantity"><input type="hidden" name="catEntryId" value="112129"><input type="hidden" name="productId" value="112128"><input type="hidden" name="URL" value="http://www.sainsburys.co.uk/webapp/wcs/stores/servlet/CategoryDisplay?msg=&amp;langId=44&amp;storeId=10151&amp;krypto=hxfwQxc17VeEgm9tq%2BkMsUCLMbf58ztJqFT7V2aaDz0OqAmYohAdCDjaVGIIaCbFpq%2FHFodzQSWs%2FbTWf05kMedrc%2F57rY9Ir7rIQSzGJQrn26jnJCI5%2FSbRh2%2BdfB2orIt1139NEwfBLd4v6o0RgGZKjkvCwaqibNIHldqwYzg%3D&amp;ddkey=http%3Agb%2Fgroceries%2Fdairy%2Fspreadable-butter--"><input type="hidden" name="page" value=""><input type="hidden" name="contractId" value=""><input type="hidden" name="calculateOrder" value="1"><input type="hidden" name="calculationUsage" value="-1,-2,-3"><input type="hidden" name="updateable" value="1"><input type="hidden" name="merge" value="***"><input type="hidden" name="callAjax" value="false"><input class="button process" type="submit" name="Add" value="Add">
</form>
	<!-- END AddToTrolley.jsp -->
        <div class="numberInTrolley hidden numberInTrolley_112128" id="numberInTrolley_112128">
            
        </div>
    
                                        </div>

                                        <!-- BEGIN CatalogEntryRatingsReviewsInfo.jspf --><!-- productAllowedRatingsAndReviews: true -->
    <div class="reviews">
        
            <a class="numberOfReviews" href="http://www.sainsburys.co.uk/shop/gb/groceries/spreadable-butter--/lurpak-spreadable--lighter-250g#reviews">
                <img src="http://c2.sainsburys.co.uk/wcsstore7.20.1.145/SainsburysStorefrontAssetStore/img/stars/rating-5_0.gif" alt="5.0" border="0">Â  
                Reviews (1)
            </a>
        
    </div>
<!-- END CatalogEntryRatingsReviewsInfo.jspf -->
                                   </div>
                               <!-- Start AddToSubscriptionList.jspf --><!-- Start AddToSubscriptionList.jsp --><!-- End AddToSubscriptionList.jsp --><!-- End AddToSubscriptionList.jspf -->     
                    </div>
                            
                    
                </div>     
            </div>
            <!--ThumbnailRestriction --><!-- END CatalogEntryThumbnailDisplay.jsp -->
	                            </div>
</li>
	                         

	                            <li class="gridItem" style="min-height: 477px;">
	                                <!-- BEGIN CatalogEntryThumbnailDisplay.jsp --><!-- BEGIN MerchandisingAssociationsDisplay.jsp --><!-- Start - JSP File Name:  MerchandisingAssociationsDisplay.jsp --><!-- END MerchandisingAssociationsDisplay.jsp -->
            <div class="product ">
                
                <div class="productInfo">
                    <div class="productNameAndPromotions">
                        
                                  <h3>
                                    <a href="http://www.sainsburys.co.uk/shop/gb/groceries/spreadable-butter--/sainsburys-buttersoft-500g">
                                        Sainsbury's Buttersoft 500g
                                        <img src="http://c2.sainsburys.co.uk/wcsstore7.20.1.145/ExtendedSitesCatalogAssetStore/images/catalog/productImages/04/0000001465204/0000001465204_L.jpeg" alt=""></a>
                                </h3>
                              
                    </div> 
                </div>
                
                <div class="errorBanner hidden" id="error115751"></div>
                <div class="addToTrolleytabBox">   
                    <!--addToTrolleytabBox GRID VIEW --><!-- Start UserSubscribedOrNot.jspf --><!-- Start UserSubscribedOrNot.jsp --><!-- 
			If the user is not logged in, render this opening 
			DIV adding an addtional class to fix the border top which is removed 
			and replaced by the tabs
		-->
		<div class="addToTrolleytabContainer addItemBorderTop">
	<!-- End AddToSubscriptionList.jsp --><!-- End AddSubscriptionList.jspf --><!-- 
                    ATTENTION!!!
                    <div class="addToTrolleytabContainer">
                    This opening div is inside "../../ReusableObjects/UserSubscribedOrNot.jsp"
                    -->
                    <div class="pricingAndTrolleyOptions">
                    	
                                    <div class="priceTab priceTabContainer activeContainer addItem" id="addItem_115751">
                                       <div class="pricing">
                                           
	<p class="pricePerUnit">
    Â£2.00<abbr title="per">/</abbr><abbr title="unit"><span class="pricePerUnitUnit">unit</span></abbr>
</p>
 
    <p class="pricePerMeasure">Â£4.00<abbr title="per">/</abbr><abbr title="kilogram"><span class="pricePerMeasureMeasure">kg</span></abbr>
    </p>

                                       </div>                                      

                                     
                                        <div class="addToTrolleyForm "> 
                                           <!-- BEGIN AddToTrolley.jsp -->

		<form class="addToTrolleyForm" name="OrderItemAddForm_115751" action="OrderItemAdd" method="post" id="OrderItemAddForm_115751">
		    <input type="hidden" name="storeId" value="10151"><input type="hidden" name="langId" value="44"><input type="hidden" name="catalogId" value="10241"><input type="hidden" name="errorViewName" value="CategoryDisplayView"><input type="hidden" name="SKU_ID" value="6494596"><input type="hidden" name="itemType" value=""><label class="access" for="quantity_115750">Quantity</label>
		        
					<input name="quantity" id="quantity_115750" type="text" size="3" value="1" class="quantity"><input type="hidden" name="catEntryId" value="115751"><input type="hidden" name="productId" value="115750"><input type="hidden" name="URL" value="http://www.sainsburys.co.uk/webapp/wcs/stores/servlet/CategoryDisplay?msg=&amp;langId=44&amp;storeId=10151&amp;krypto=hxfwQxc17VeEgm9tq%2BkMsUCLMbf58ztJqFT7V2aaDz0OqAmYohAdCDjaVGIIaCbFpq%2FHFodzQSWs%2FbTWf05kMedrc%2F57rY9Ir7rIQSzGJQrn26jnJCI5%2FSbRh2%2BdfB2orIt1139NEwfBLd4v6o0RgGZKjkvCwaqibNIHldqwYzg%3D&amp;ddkey=http%3Agb%2Fgroceries%2Fdairy%2Fspreadable-butter--"><input type="hidden" name="page" value=""><input type="hidden" name="contractId" value=""><input type="hidden" name="calculateOrder" value="1"><input type="hidden" name="calculationUsage" value="-1,-2,-3"><input type="hidden" name="updateable" value="1"><input type="hidden" name="merge" value="***"><input type="hidden" name="callAjax" value="false"><input class="button process" type="submit" name="Add" value="Add">
</form>
	<!-- END AddToTrolley.jsp -->
        <div class="numberInTrolley hidden numberInTrolley_115750" id="numberInTrolley_115750">
            
        </div>
    
                                        </div>

                                        <!-- BEGIN CatalogEntryRatingsReviewsInfo.jspf --><!-- productAllowedRatingsAndReviews: true -->
    <div class="reviews">
        
            <a class="numberOfReviews" href="http://www.sainsburys.co.uk/shop/gb/groceries/spreadable-butter--/sainsburys-buttersoft-500g#reviews">
                <img src="http://c2.sainsburys.co.uk/wcsstore7.20.1.145/SainsburysStorefrontAssetStore/img/stars/rating-2_8.gif" alt="2.7647" border="0">Â  
                Reviews (34)
            </a>
        
    </div>
<!-- END CatalogEntryRatingsReviewsInfo.jspf -->
                                   </div>
                               <!-- Start AddToSubscriptionList.jspf --><!-- Start AddToSubscriptionList.jsp --><!-- End AddToSubscriptionList.jsp --><!-- End AddToSubscriptionList.jspf -->     
                    </div>
                            
                    
    
    <div class="badges">
        <ul>
<li class="lastchild">

                        
                        
                        <img src="/wcsstore7.20.1.145/SainsburysStorefrontAssetStore/wcassets/icons/ico_spacer.gif" alt="Vegetarian">
</li>
                
        </ul>
</div>

                </div>     
            </div>
            <!--ThumbnailRestriction --><!-- END CatalogEntryThumbnailDisplay.jsp -->
	                            </div>
</li>
	                         

	                            <li class="gridItem" style="min-height: 519px;">
	                                <!-- BEGIN CatalogEntryThumbnailDisplay.jsp --><!-- BEGIN MerchandisingAssociationsDisplay.jsp --><!-- Start - JSP File Name:  MerchandisingAssociationsDisplay.jsp --><!-- END MerchandisingAssociationsDisplay.jsp -->
            <div class="product  straplineRow">
                
                <div class="productInfo">
                    <div class="productNameAndPromotions">
                        
                                  <h3>
                                    <a href="http://www.sainsburys.co.uk/shop/gb/groceries/spreadable-butter--/anchor-spreadable-250g">
                                        Anchor Spreadable 250g
                                        <img src="http://c2.sainsburys.co.uk/wcsstore7.20.1.145/ExtendedSitesCatalogAssetStore/images/catalog/productImages/39/5707361100039/5707361100039_L.jpeg" alt=""></a>
                                </h3>
                              
                    </div> 
                </div>
                
                <div class="errorBanner hidden" id="error110517"></div>
                <div class="addToTrolleytabBox">   
                    <!--addToTrolleytabBox GRID VIEW --><!-- Start UserSubscribedOrNot.jspf --><!-- Start UserSubscribedOrNot.jsp --><!-- 
			If the user is not logged in, render this opening 
			DIV adding an addtional class to fix the border top which is removed 
			and replaced by the tabs
		-->
		<div class="addToTrolleytabContainer addItemBorderTop">
	<!-- End AddToSubscriptionList.jsp --><!-- End AddSubscriptionList.jspf --><!-- 
                    ATTENTION!!!
                    <div class="addToTrolleytabContainer">
                    This opening div is inside "../../ReusableObjects/UserSubscribedOrNot.jsp"
                    -->
                    <div class="pricingAndTrolleyOptions">
                    	
                                    <div class="priceTab priceTabContainer activeContainer addItem" id="addItem_110517">
                                       <div class="pricing">
                                           
	<p class="pricePerUnit">
    Â£1.60<abbr title="per">/</abbr><abbr title="unit"><span class="pricePerUnitUnit">unit</span></abbr>
</p>
 
    <p class="pricePerMeasure">Â£6.40<abbr title="per">/</abbr><abbr title="kilogram"><span class="pricePerMeasureMeasure">kg</span></abbr>
    </p>

                                       </div>                                      

                                     
                                        <div class="addToTrolleyForm "> 
                                           <!-- BEGIN AddToTrolley.jsp -->

		<form class="addToTrolleyForm" name="OrderItemAddForm_110517" action="OrderItemAdd" method="post" id="OrderItemAddForm_110517">
		    <input type="hidden" name="storeId" value="10151"><input type="hidden" name="langId" value="44"><input type="hidden" name="catalogId" value="10241"><input type="hidden" name="errorViewName" value="CategoryDisplayView"><input type="hidden" name="SKU_ID" value="2394305"><input type="hidden" name="itemType" value=""><label class="access" for="quantity_110516">Quantity</label>
		        
					<input name="quantity" id="quantity_110516" type="text" size="3" value="1" class="quantity"><input type="hidden" name="catEntryId" value="110517"><input type="hidden" name="productId" value="110516"><input type="hidden" name="URL" value="http://www.sainsburys.co.uk/webapp/wcs/stores/servlet/CategoryDisplay?msg=&amp;langId=44&amp;storeId=10151&amp;krypto=hxfwQxc17VeEgm9tq%2BkMsUCLMbf58ztJqFT7V2aaDz0OqAmYohAdCDjaVGIIaCbFpq%2FHFodzQSWs%2FbTWf05kMedrc%2F57rY9Ir7rIQSzGJQrn26jnJCI5%2FSbRh2%2BdfB2orIt1139NEwfBLd4v6o0RgGZKjkvCwaqibNIHldqwYzg%3D&amp;ddkey=http%3Agb%2Fgroceries%2Fdairy%2Fspreadable-butter--"><input type="hidden" name="page" value=""><input type="hidden" name="contractId" value=""><input type="hidden" name="calculateOrder" value="1"><input type="hidden" name="calculationUsage" value="-1,-2,-3"><input type="hidden" name="updateable" value="1"><input type="hidden" name="merge" value="***"><input type="hidden" name="callAjax" value="false"><input class="button process" type="submit" name="Add" value="Add">
</form>
	<!-- END AddToTrolley.jsp -->
        <div class="numberInTrolley hidden numberInTrolley_110516" id="numberInTrolley_110516">
            
        </div>
    
                                        </div>

                                        <!-- BEGIN CatalogEntryRatingsReviewsInfo.jspf --><!-- productAllowedRatingsAndReviews: true -->
    <div class="reviews">
        
            <a class="numberOfReviews" href="http://www.sainsburys.co.uk/shop/gb/groceries/spreadable-butter--/anchor-spreadable-250g#reviews">
                <img src="http://c2.sainsburys.co.uk/wcsstore7.20.1.145/SainsburysStorefrontAssetStore/img/stars/rating-5_0.gif" alt="5.0" border="0">Â  
                Reviews (1)
            </a>
        
    </div>
<!-- END CatalogEntryRatingsReviewsInfo.jspf -->
                                   </div>
                               <!-- Start AddToSubscriptionList.jspf --><!-- Start AddToSubscriptionList.jsp --><!-- End AddToSubscriptionList.jsp --><!-- End AddToSubscriptionList.jspf -->     
                    </div>
                            
                    
                </div>     
            </div>
            <!--ThumbnailRestriction --><!-- END CatalogEntryThumbnailDisplay.jsp -->
	                            </div>
</li>
	                         

	                            <li class="gridItem" style="min-height: 519px;">
	                                <!-- BEGIN CatalogEntryThumbnailDisplay.jsp --><!-- BEGIN MerchandisingAssociationsDisplay.jsp --><!-- Start - JSP File Name:  MerchandisingAssociationsDisplay.jsp --><!-- END MerchandisingAssociationsDisplay.jsp -->
            <div class="product  straplineRow">
                
                <div class="productInfo">
                    <div class="productNameAndPromotions">
                        
                                  <h3>
                                    <a href="http://www.sainsburys.co.uk/shop/gb/groceries/spreadable-butter--/country-life-spreadable-lighter-500g">
                                        Country Life Spreadable Lighter 500g
                                        <img src="http://c2.sainsburys.co.uk/wcsstore7.20.1.145/ExtendedSitesCatalogAssetStore/images/catalog/productImages/95/5000295131095/5000295131095_L.jpeg" alt=""></a>
                                </h3>
                              
                    </div> 
                </div>
                
                <div class="errorBanner hidden" id="error115801"></div>
                <div class="addToTrolleytabBox">   
                    <!--addToTrolleytabBox GRID VIEW --><!-- Start UserSubscribedOrNot.jspf --><!-- Start UserSubscribedOrNot.jsp --><!-- 
			If the user is not logged in, render this opening 
			DIV adding an addtional class to fix the border top which is removed 
			and replaced by the tabs
		-->
		<div class="addToTrolleytabContainer addItemBorderTop">
	<!-- End AddToSubscriptionList.jsp --><!-- End AddSubscriptionList.jspf --><!-- 
                    ATTENTION!!!
                    <div class="addToTrolleytabContainer">
                    This opening div is inside "../../ReusableObjects/UserSubscribedOrNot.jsp"
                    -->
                    <div class="pricingAndTrolleyOptions">
                    	
                                    <div class="priceTab priceTabContainer activeContainer addItem" id="addItem_115801">
                                       <div class="pricing">
                                           
	<p class="pricePerUnit">
    Â£3.00<abbr title="per">/</abbr><abbr title="unit"><span class="pricePerUnitUnit">unit</span></abbr>
</p>
 
    <p class="pricePerMeasure">Â£6.00<abbr title="per">/</abbr><abbr title="kilogram"><span class="pricePerMeasureMeasure">kg</span></abbr>
    </p>

                                       </div>                                      

                                     
                                        <div class="addToTrolleyForm "> 
                                           <!-- BEGIN AddToTrolley.jsp -->

		<form class="addToTrolleyForm" name="OrderItemAddForm_115801" action="OrderItemAdd" method="post" id="OrderItemAddForm_115801">
		    <input type="hidden" name="storeId" value="10151"><input type="hidden" name="langId" value="44"><input type="hidden" name="catalogId" value="10241"><input type="hidden" name="errorViewName" value="CategoryDisplayView"><input type="hidden" name="SKU_ID" value="6507953"><input type="hidden" name="itemType" value=""><label class="access" for="quantity_115800">Quantity</label>
		        
					<input name="quantity" id="quantity_115800" type="text" size="3" value="1" class="quantity"><input type="hidden" name="catEntryId" value="115801"><input type="hidden" name="productId" value="115800"><input type="hidden" name="URL" value="http://www.sainsburys.co.uk/webapp/wcs/stores/servlet/CategoryDisplay?msg=&amp;langId=44&amp;storeId=10151&amp;krypto=hxfwQxc17VeEgm9tq%2BkMsUCLMbf58ztJqFT7V2aaDz0OqAmYohAdCDjaVGIIaCbFpq%2FHFodzQSWs%2FbTWf05kMedrc%2F57rY9Ir7rIQSzGJQrn26jnJCI5%2FSbRh2%2BdfB2orIt1139NEwfBLd4v6o0RgGZKjkvCwaqibNIHldqwYzg%3D&amp;ddkey=http%3Agb%2Fgroceries%2Fdairy%2Fspreadable-butter--"><input type="hidden" name="page" value=""><input type="hidden" name="contractId" value=""><input type="hidden" name="calculateOrder" value="1"><input type="hidden" name="calculationUsage" value="-1,-2,-3"><input type="hidden" name="updateable" value="1"><input type="hidden" name="merge" value="***"><input type="hidden" name="callAjax" value="false"><input class="button process" type="submit" name="Add" value="Add">
</form>
	<!-- END AddToTrolley.jsp -->
        <div class="numberInTrolley hidden numberInTrolley_115800" id="numberInTrolley_115800">
            
        </div>
    
                                        </div>

                                        <!-- BEGIN CatalogEntryRatingsReviewsInfo.jspf --><!-- productAllowedRatingsAndReviews: true -->
    <div class="reviews">
        
            <a class="numberOfReviews" href="http://www.sainsburys.co.uk/shop/gb/groceries/spreadable-butter--/country-life-spreadable-lighter-500g#reviews">
                <img src="http://c2.sainsburys.co.uk/wcsstore7.20.1.145/SainsburysStorefrontAssetStore/img/stars/rating-5_0.gif" alt="5.0" border="0">Â  
                Reviews (4)
            </a>
        
    </div>
<!-- END CatalogEntryRatingsReviewsInfo.jspf -->
                                   </div>
                               <!-- Start AddToSubscriptionList.jspf --><!-- Start AddToSubscriptionList.jsp --><!-- End AddToSubscriptionList.jsp --><!-- End AddToSubscriptionList.jspf -->     
                    </div>
                            
                    
                </div>     
            </div>
            <!--ThumbnailRestriction --><!-- END CatalogEntryThumbnailDisplay.jsp -->
	                            </div>
</li>
	                         

	                            <li class="gridItem" style="min-height: 519px;">
	                                <!-- BEGIN CatalogEntryThumbnailDisplay.jsp --><!-- BEGIN MerchandisingAssociationsDisplay.jsp --><!-- Start - JSP File Name:  MerchandisingAssociationsDisplay.jsp --><!-- END MerchandisingAssociationsDisplay.jsp -->
            <div class="product  highlighted specialOffer straplineRow">
                
                <div class="productInfo">
                    <div class="productNameAndPromotions">
                        
                                  <h3>
                                    <a href="http://www.sainsburys.co.uk/shop/gb/groceries/spreadable-butter--/lurpak-spread-1kg">
                                        Lurpak Spreadable 1kg
                                        <img src="http://c2.sainsburys.co.uk/wcsstore7.20.1.145/ExtendedSitesCatalogAssetStore/images/catalog/productImages/02/5740900805002/5740900805002_L.jpeg" alt=""></a>
                                </h3>
                              
    <div class="promotion">
                   
		            <p><a href="http://www.sainsburys.co.uk/shop/PromotionDisplayView?catalogId=10228&amp;langId=44&amp;productId=111768&amp;storeId=10151&amp;promotionId=10232461"><!-- BEGIN include/PromotionStrapline.jspf -->Only Â£5.00: Save Â£1.20<br><!-- FINISH include/PromotionStrapline.jspf --></a></p>
		                        
    </div>

                    </div> 
                </div>
                
        <div class="strapline"><a href="http://www.sainsburys.co.uk/shop/PromotionDisplayView?catalogId=10228&amp;langId=44&amp;productId=111768&amp;storeId=10151&amp;promotionId=10232461"><img src="/wcsstore7.20.1.145/SainsburysStorefrontAssetStore/wcassets/icons/special/img-special-offer.png" alt="Special Offer"></a></div>
    
                <div class="errorBanner hidden" id="error111769"></div>
                <div class="addToTrolleytabBox">   
                    <!--addToTrolleytabBox GRID VIEW --><!-- Start UserSubscribedOrNot.jspf --><!-- Start UserSubscribedOrNot.jsp --><!-- 
			If the user is not logged in, render this opening 
			DIV adding an addtional class to fix the border top which is removed 
			and replaced by the tabs
		-->
		<div class="addToTrolleytabContainer addItemBorderTop">
	<!-- End AddToSubscriptionList.jsp --><!-- End AddSubscriptionList.jspf --><!-- 
                    ATTENTION!!!
                    <div class="addToTrolleytabContainer">
                    This opening div is inside "../../ReusableObjects/UserSubscribedOrNot.jsp"
                    -->
                    <div class="pricingAndTrolleyOptions">
                    	
                                    <div class="priceTab priceTabContainer activeContainer addItem" id="addItem_111769">
                                       <div class="pricing">
                                           
	<p class="pricePerUnit">
    Â£5.00<abbr title="per">/</abbr><abbr title="unit"><span class="pricePerUnitUnit">unit</span></abbr>
</p>
 
    <p class="pricePerMeasure">Â£5.00<abbr title="per">/</abbr><abbr title="kilogram"><span class="pricePerMeasureMeasure">kg</span></abbr>
    </p>

                                       </div>                                      

                                     
                                        <div class="addToTrolleyForm "> 
                                           <!-- BEGIN AddToTrolley.jsp -->

		<form class="addToTrolleyForm" name="OrderItemAddForm_111769" action="OrderItemAdd" method="post" id="OrderItemAddForm_111769">
		    <input type="hidden" name="storeId" value="10151"><input type="hidden" name="langId" value="44"><input type="hidden" name="catalogId" value="10241"><input type="hidden" name="errorViewName" value="CategoryDisplayView"><input type="hidden" name="SKU_ID" value="3480335"><input type="hidden" name="itemType" value=""><label class="access" for="quantity_111768">Quantity</label>
		        
					<input name="quantity" id="quantity_111768" type="text" size="3" value="1" class="quantity"><input type="hidden" name="catEntryId" value="111769"><input type="hidden" name="productId" value="111768"><input type="hidden" name="URL" value="http://www.sainsburys.co.uk/webapp/wcs/stores/servlet/CategoryDisplay?msg=&amp;langId=44&amp;storeId=10151&amp;krypto=hxfwQxc17VeEgm9tq%2BkMsUCLMbf58ztJqFT7V2aaDz0OqAmYohAdCDjaVGIIaCbFpq%2FHFodzQSWs%2FbTWf05kMedrc%2F57rY9Ir7rIQSzGJQrn26jnJCI5%2FSbRh2%2BdfB2orIt1139NEwfBLd4v6o0RgGZKjkvCwaqibNIHldqwYzg%3D&amp;ddkey=http%3Agb%2Fgroceries%2Fdairy%2Fspreadable-butter--"><input type="hidden" name="page" value=""><input type="hidden" name="contractId" value=""><input type="hidden" name="calculateOrder" value="1"><input type="hidden" name="calculationUsage" value="-1,-2,-3"><input type="hidden" name="updateable" value="1"><input type="hidden" name="merge" value="***"><input type="hidden" name="callAjax" value="false"><input class="button process" type="submit" name="Add" value="Add">
</form>
	<!-- END AddToTrolley.jsp -->
        <div class="numberInTrolley hidden numberInTrolley_111768" id="numberInTrolley_111768">
            
        </div>
    
                                        </div>

                                        <!-- BEGIN CatalogEntryRatingsReviewsInfo.jspf --><!-- productAllowedRatingsAndReviews: true -->
    <div class="reviews">
        
            <a class="numberOfReviews" href="http://www.sainsburys.co.uk/shop/gb/groceries/spreadable-butter--/lurpak-spread-1kg#reviews">
                <img src="http://c2.sainsburys.co.uk/wcsstore7.20.1.145/SainsburysStorefrontAssetStore/img/stars/rating-4_8.gif" alt="4.75" border="0">Â  
                Reviews (4)
            </a>
        
    </div>
<!-- END CatalogEntryRatingsReviewsInfo.jspf -->
                                   </div>
                               <!-- Start AddToSubscriptionList.jspf --><!-- Start AddToSubscriptionList.jsp --><!-- End AddToSubscriptionList.jsp --><!-- End AddToSubscriptionList.jspf -->     
                    </div>
                            
                    
    
    <div class="badges">
        <ul>
<li class="lastchild">

                        
                        
                        <img src="/wcsstore7.20.1.145/SainsburysStorefrontAssetStore/wcassets/icons/food_and_drink_awards_winner_2015.gif" alt="Food and Drink Awards - Winner 2015">
</li>
                
        </ul>
</div>

                </div>     
            </div>
            <!--ThumbnailRestriction --><!-- END CatalogEntryThumbnailDisplay.jsp -->
	                            </div>
</li>
	                         

	                            <li class="gridItem" style="min-height: 406px;">
	                                <!-- BEGIN CatalogEntryThumbnailDisplay.jsp --><!-- BEGIN MerchandisingAssociationsDisplay.jsp --><!-- Start - JSP File Name:  MerchandisingAssociationsDisplay.jsp --><!-- END MerchandisingAssociationsDisplay.jsp -->
            <div class="product ">
                
                <div class="productInfo">
                    <div class="productNameAndPromotions">
                        
                                  <h3>
                                    <a href="http://www.sainsburys.co.uk/shop/gb/groceries/spreadable-butter--/bertolli-spread-with-butter-400g">
                                        Bertolli Spread With Butter 400g
                                        <img src="http://c2.sainsburys.co.uk/wcsstore7.20.1.145/ExtendedSitesCatalogAssetStore/images/catalog/productImages/32/8712100575532/8712100575532_L.jpeg" alt=""></a>
                                </h3>
                              
                    </div> 
                </div>
                
                <div class="errorBanner hidden" id="error628789"></div>
                <div class="addToTrolleytabBox">   
                    <!--addToTrolleytabBox GRID VIEW --><!-- Start UserSubscribedOrNot.jspf --><!-- Start UserSubscribedOrNot.jsp --><!-- 
			If the user is not logged in, render this opening 
			DIV adding an addtional class to fix the border top which is removed 
			and replaced by the tabs
		-->
		<div class="addToTrolleytabContainer addItemBorderTop">
	<!-- End AddToSubscriptionList.jsp --><!-- End AddSubscriptionList.jspf --><!-- 
                    ATTENTION!!!
                    <div class="addToTrolleytabContainer">
                    This opening div is inside "../../ReusableObjects/UserSubscribedOrNot.jsp"
                    -->
                    <div class="pricingAndTrolleyOptions">
                    	
                                    <div class="priceTab priceTabContainer activeContainer addItem" id="addItem_628789">
                                       <div class="pricing">
                                           
	<p class="pricePerUnit">
    Â£2.60<abbr title="per">/</abbr><abbr title="unit"><span class="pricePerUnitUnit">unit</span></abbr>
</p>
 
    <p class="pricePerMeasure">Â£6.50<abbr title="per">/</abbr><abbr title="kilogram"><span class="pricePerMeasureMeasure">kg</span></abbr>
    </p>

                                       </div>                                      

                                     
                                        <div class="addToTrolleyForm "> 
                                           <!-- BEGIN AddToTrolley.jsp -->

		<form class="addToTrolleyForm" name="OrderItemAddForm_628789" action="OrderItemAdd" method="post" id="OrderItemAddForm_628789">
		    <input type="hidden" name="storeId" value="10151"><input type="hidden" name="langId" value="44"><input type="hidden" name="catalogId" value="10241"><input type="hidden" name="errorViewName" value="CategoryDisplayView"><input type="hidden" name="SKU_ID" value="7701649"><input type="hidden" name="itemType" value=""><label class="access" for="quantity_628788">Quantity</label>
		        
					<input name="quantity" id="quantity_628788" type="text" size="3" value="1" class="quantity"><input type="hidden" name="catEntryId" value="628789"><input type="hidden" name="productId" value="628788"><input type="hidden" name="URL" value="http://www.sainsburys.co.uk/webapp/wcs/stores/servlet/CategoryDisplay?msg=&amp;langId=44&amp;storeId=10151&amp;krypto=hxfwQxc17VeEgm9tq%2BkMsUCLMbf58ztJqFT7V2aaDz0OqAmYohAdCDjaVGIIaCbFpq%2FHFodzQSWs%2FbTWf05kMedrc%2F57rY9Ir7rIQSzGJQrn26jnJCI5%2FSbRh2%2BdfB2orIt1139NEwfBLd4v6o0RgGZKjkvCwaqibNIHldqwYzg%3D&amp;ddkey=http%3Agb%2Fgroceries%2Fdairy%2Fspreadable-butter--"><input type="hidden" name="page" value=""><input type="hidden" name="contractId" value=""><input type="hidden" name="calculateOrder" value="1"><input type="hidden" name="calculationUsage" value="-1,-2,-3"><input type="hidden" name="updateable" value="1"><input type="hidden" name="merge" value="***"><input type="hidden" name="callAjax" value="false"><input class="button process" type="submit" name="Add" value="Add">
</form>
	<!-- END AddToTrolley.jsp -->
        <div class="numberInTrolley hidden numberInTrolley_628788" id="numberInTrolley_628788">
            
        </div>
    
                                        </div>

                                        <!-- BEGIN CatalogEntryRatingsReviewsInfo.jspf --><!-- productAllowedRatingsAndReviews: true -->
    <div class="reviews">
        
            <a class="numberOfReviews" href="http://www.sainsburys.co.uk/shop/gb/groceries/spreadable-butter--/bertolli-spread-with-butter-400g#reviews">
                <img src="http://c2.sainsburys.co.uk/wcsstore7.20.1.145/SainsburysStorefrontAssetStore/img/stars/rating-4_4.gif" alt="4.4167" border="0">Â  
                Reviews (72)
            </a>
        
    </div>
<!-- END CatalogEntryRatingsReviewsInfo.jspf -->
                                   </div>
                               <!-- Start AddToSubscriptionList.jspf --><!-- Start AddToSubscriptionList.jsp --><!-- End AddToSubscriptionList.jsp --><!-- End AddToSubscriptionList.jspf -->     
                    </div>
                            
                    
                </div>     
            </div>
            <!--ThumbnailRestriction --><!-- END CatalogEntryThumbnailDisplay.jsp -->
	                            </div>
</li>
	                         

	                            <li class="gridItem" style="min-height: 406px;">
	                                <!-- BEGIN CatalogEntryThumbnailDisplay.jsp --><!-- BEGIN MerchandisingAssociationsDisplay.jsp --><!-- Start - JSP File Name:  MerchandisingAssociationsDisplay.jsp --><!-- END MerchandisingAssociationsDisplay.jsp -->
            <div class="product ">
                
                <div class="productInfo">
                    <div class="productNameAndPromotions">
                        
                                  <h3>
                                    <a href="http://www.sainsburys.co.uk/shop/gb/groceries/spreadable-butter--/yeo-valley-organic-spreadable-500g">
                                        Yeo Valley Organic Farm Spreadable Butter 500g
                                        <img src="http://c2.sainsburys.co.uk/wcsstore7.20.1.145/ExtendedSitesCatalogAssetStore/images/catalog/productImages/48/5036589201748/5036589201748_L.jpeg" alt=""></a>
                                </h3>
                              
                    </div> 
                </div>
                
                <div class="errorBanner hidden" id="error48593"></div>
                <div class="addToTrolleytabBox">   
                    <!--addToTrolleytabBox GRID VIEW --><!-- Start UserSubscribedOrNot.jspf --><!-- Start UserSubscribedOrNot.jsp --><!-- 
			If the user is not logged in, render this opening 
			DIV adding an addtional class to fix the border top which is removed 
			and replaced by the tabs
		-->
		<div class="addToTrolleytabContainer addItemBorderTop">
	<!-- End AddToSubscriptionList.jsp --><!-- End AddSubscriptionList.jspf --><!-- 
                    ATTENTION!!!
                    <div class="addToTrolleytabContainer">
                    This opening div is inside "../../ReusableObjects/UserSubscribedOrNot.jsp"
                    -->
                    <div class="pricingAndTrolleyOptions">
                    	
                                    <div class="priceTab priceTabContainer activeContainer addItem" id="addItem_48593">
                                       <div class="pricing">
                                           
	<p class="pricePerUnit">
    Â£3.00<abbr title="per">/</abbr><abbr title="unit"><span class="pricePerUnitUnit">unit</span></abbr>
</p>
 
    <p class="pricePerMeasure">Â£6.00<abbr title="per">/</abbr><abbr title="kilogram"><span class="pricePerMeasureMeasure">kg</span></abbr>
    </p>

                                       </div>                                      

                                     
                                        <div class="addToTrolleyForm "> 
                                           <!-- BEGIN AddToTrolley.jsp -->

		<form class="addToTrolleyForm" name="OrderItemAddForm_48593" action="OrderItemAdd" method="post" id="OrderItemAddForm_48593">
		    <input type="hidden" name="storeId" value="10151"><input type="hidden" name="langId" value="44"><input type="hidden" name="catalogId" value="10241"><input type="hidden" name="errorViewName" value="CategoryDisplayView"><input type="hidden" name="SKU_ID" value="7157414"><input type="hidden" name="itemType" value=""><label class="access" for="quantity_48592">Quantity</label>
		        
					<input name="quantity" id="quantity_48592" type="text" size="3" value="1" class="quantity"><input type="hidden" name="catEntryId" value="48593"><input type="hidden" name="productId" value="48592"><input type="hidden" name="URL" value="http://www.sainsburys.co.uk/webapp/wcs/stores/servlet/CategoryDisplay?msg=&amp;langId=44&amp;storeId=10151&amp;krypto=hxfwQxc17VeEgm9tq%2BkMsUCLMbf58ztJqFT7V2aaDz0OqAmYohAdCDjaVGIIaCbFpq%2FHFodzQSWs%2FbTWf05kMedrc%2F57rY9Ir7rIQSzGJQrn26jnJCI5%2FSbRh2%2BdfB2orIt1139NEwfBLd4v6o0RgGZKjkvCwaqibNIHldqwYzg%3D&amp;ddkey=http%3Agb%2Fgroceries%2Fdairy%2Fspreadable-butter--"><input type="hidden" name="page" value=""><input type="hidden" name="contractId" value=""><input type="hidden" name="calculateOrder" value="1"><input type="hidden" name="calculationUsage" value="-1,-2,-3"><input type="hidden" name="updateable" value="1"><input type="hidden" name="merge" value="***"><input type="hidden" name="callAjax" value="false"><input class="button process" type="submit" name="Add" value="Add">
</form>
	<!-- END AddToTrolley.jsp -->
        <div class="numberInTrolley hidden numberInTrolley_48592" id="numberInTrolley_48592">
            
        </div>
    
                                        </div>

                                        <!-- BEGIN CatalogEntryRatingsReviewsInfo.jspf --><!-- productAllowedRatingsAndReviews: true -->
    <div class="reviews">
        
            <a class="numberOfReviews" href="http://www.sainsburys.co.uk/shop/gb/groceries/spreadable-butter--/yeo-valley-organic-spreadable-500g#reviews">
                <img src="http://c2.sainsburys.co.uk/wcsstore7.20.1.145/SainsburysStorefrontAssetStore/img/stars/rating-4_7.gif" alt="4.6667" border="0">Â  
                Reviews (9)
            </a>
        
    </div>
<!-- END CatalogEntryRatingsReviewsInfo.jspf -->
                                   </div>
                               <!-- Start AddToSubscriptionList.jspf --><!-- Start AddToSubscriptionList.jsp --><!-- End AddToSubscriptionList.jsp --><!-- End AddToSubscriptionList.jspf -->     
                    </div>
                            
                    
                </div>     
            </div>
            <!--ThumbnailRestriction --><!-- END CatalogEntryThumbnailDisplay.jsp -->
	                            </div>
</li>
	                         

	                            <li class="gridItem" style="min-height: 406px;">
	                                <!-- BEGIN CatalogEntryThumbnailDisplay.jsp --><!-- BEGIN MerchandisingAssociationsDisplay.jsp --><!-- Start - JSP File Name:  MerchandisingAssociationsDisplay.jsp --><!-- END MerchandisingAssociationsDisplay.jsp -->
            <div class="product ">
                
                <div class="productInfo">
                    <div class="productNameAndPromotions">
                        
                                  <h3>
                                    <a href="http://www.sainsburys.co.uk/shop/gb/groceries/spreadable-butter--/lurpak-spreadable-lightest-500g">
                                        Lurpak Lightest Spreadable 500g
                                        <img src="http://c2.sainsburys.co.uk/wcsstore7.20.1.145/ExtendedSitesCatalogAssetStore/images/catalog/productImages/32/5740900401532/5740900401532_L.jpeg" alt=""></a>
                                </h3>
                              
                    </div> 
                </div>
                
                <div class="errorBanner hidden" id="error123725"></div>
                <div class="addToTrolleytabBox">   
                    <!--addToTrolleytabBox GRID VIEW --><!-- Start UserSubscribedOrNot.jspf --><!-- Start UserSubscribedOrNot.jsp --><!-- 
			If the user is not logged in, render this opening 
			DIV adding an addtional class to fix the border top which is removed 
			and replaced by the tabs
		-->
		<div class="addToTrolleytabContainer addItemBorderTop">
	<!-- End AddToSubscriptionList.jsp --><!-- End AddSubscriptionList.jspf --><!-- 
                    ATTENTION!!!
                    <div class="addToTrolleytabContainer">
                    This opening div is inside "../../ReusableObjects/UserSubscribedOrNot.jsp"
                    -->
                    <div class="pricingAndTrolleyOptions">
                    	
                                    <div class="priceTab priceTabContainer activeContainer addItem" id="addItem_123725">
                                       <div class="pricing">
                                           
	<p class="pricePerUnit">
    Â£3.25<abbr title="per">/</abbr><abbr title="unit"><span class="pricePerUnitUnit">unit</span></abbr>
</p>
 
    <p class="pricePerMeasure">Â£6.50<abbr title="per">/</abbr><abbr title="kilogram"><span class="pricePerMeasureMeasure">kg</span></abbr>
    </p>

                                       </div>                                      

                                     
                                        <div class="addToTrolleyForm "> 
                                           <!-- BEGIN AddToTrolley.jsp -->

		<form class="addToTrolleyForm" name="OrderItemAddForm_123725" action="OrderItemAdd" method="post" id="OrderItemAddForm_123725">
		    <input type="hidden" name="storeId" value="10151"><input type="hidden" name="langId" value="44"><input type="hidden" name="catalogId" value="10241"><input type="hidden" name="errorViewName" value="CategoryDisplayView"><input type="hidden" name="SKU_ID" value="7544688"><input type="hidden" name="itemType" value=""><label class="access" for="quantity_123724">Quantity</label>
		        
					<input name="quantity" id="quantity_123724" type="text" size="3" value="1" class="quantity"><input type="hidden" name="catEntryId" value="123725"><input type="hidden" name="productId" value="123724"><input type="hidden" name="URL" value="http://www.sainsburys.co.uk/webapp/wcs/stores/servlet/CategoryDisplay?msg=&amp;langId=44&amp;storeId=10151&amp;krypto=hxfwQxc17VeEgm9tq%2BkMsUCLMbf58ztJqFT7V2aaDz0OqAmYohAdCDjaVGIIaCbFpq%2FHFodzQSWs%2FbTWf05kMedrc%2F57rY9Ir7rIQSzGJQrn26jnJCI5%2FSbRh2%2BdfB2orIt1139NEwfBLd4v6o0RgGZKjkvCwaqibNIHldqwYzg%3D&amp;ddkey=http%3Agb%2Fgroceries%2Fdairy%2Fspreadable-butter--"><input type="hidden" name="page" value=""><input type="hidden" name="contractId" value=""><input type="hidden" name="calculateOrder" value="1"><input type="hidden" name="calculationUsage" value="-1,-2,-3"><input type="hidden" name="updateable" value="1"><input type="hidden" name="merge" value="***"><input type="hidden" name="callAjax" value="false"><input class="button process" type="submit" name="Add" value="Add">
</form>
	<!-- END AddToTrolley.jsp -->
        <div class="numberInTrolley hidden numberInTrolley_123724" id="numberInTrolley_123724">
            
        </div>
    
                                        </div>

                                        <!-- BEGIN CatalogEntryRatingsReviewsInfo.jspf --><!-- productAllowedRatingsAndReviews: true -->
    <div class="reviews">
        
            <a class="numberOfReviews" href="http://www.sainsburys.co.uk/shop/gb/groceries/spreadable-butter--/lurpak-spreadable-lightest-500g#reviews">
                <img src="http://c2.sainsburys.co.uk/wcsstore7.20.1.145/SainsburysStorefrontAssetStore/img/stars/rating-3_3.gif" alt="3.25" border="0">Â  
                Reviews (8)
            </a>
        
    </div>
<!-- END CatalogEntryRatingsReviewsInfo.jspf -->
                                   </div>
                               <!-- Start AddToSubscriptionList.jspf --><!-- Start AddToSubscriptionList.jsp --><!-- End AddToSubscriptionList.jsp --><!-- End AddToSubscriptionList.jspf -->     
                    </div>
                            
                    
                </div>     
            </div>
            <!--ThumbnailRestriction --><!-- END CatalogEntryThumbnailDisplay.jsp -->
	                            </div>
</li>
	                         

	                            <li class="gridItem" style="min-height: 406px;">
	                                <!-- BEGIN CatalogEntryThumbnailDisplay.jsp --><!-- BEGIN MerchandisingAssociationsDisplay.jsp --><!-- Start - JSP File Name:  MerchandisingAssociationsDisplay.jsp --><!-- END MerchandisingAssociationsDisplay.jsp -->
            <div class="product ">
                
                <div class="productInfo">
                    <div class="productNameAndPromotions">
                        
                                  <h3>
                                    <a href="http://www.sainsburys.co.uk/shop/gb/groceries/spreadable-butter--/kerrygold-softer-butter-250g">
                                        Kerrygold Softer Butter 250g
                                        <img src="http://c2.sainsburys.co.uk/wcsstore7.20.1.145/ExtendedSitesCatalogAssetStore/images/catalog/productImages/26/5011038135126/5011038135126_L.jpeg" alt=""></a>
                                </h3>
                              
                    </div> 
                </div>
                
                <div class="errorBanner hidden" id="error123733"></div>
                <div class="addToTrolleytabBox">   
                    <!--addToTrolleytabBox GRID VIEW --><!-- Start UserSubscribedOrNot.jspf --><!-- Start UserSubscribedOrNot.jsp --><!-- 
			If the user is not logged in, render this opening 
			DIV adding an addtional class to fix the border top which is removed 
			and replaced by the tabs
		-->
		<div class="addToTrolleytabContainer addItemBorderTop">
	<!-- End AddToSubscriptionList.jsp --><!-- End AddSubscriptionList.jspf --><!-- 
                    ATTENTION!!!
                    <div class="addToTrolleytabContainer">
                    This opening div is inside "../../ReusableObjects/UserSubscribedOrNot.jsp"
                    -->
                    <div class="pricingAndTrolleyOptions">
                    	
                                    <div class="priceTab priceTabContainer activeContainer addItem" id="addItem_123733">
                                       <div class="pricing">
                                           
	<p class="pricePerUnit">
    Â£1.90<abbr title="per">/</abbr><abbr title="unit"><span class="pricePerUnitUnit">unit</span></abbr>
</p>
 
    <p class="pricePerMeasure">Â£7.60<abbr title="per">/</abbr><abbr title="kilogram"><span class="pricePerMeasureMeasure">kg</span></abbr>
    </p>

                                       </div>                                      

                                     
                                        <div class="addToTrolleyForm "> 
                                           <!-- BEGIN AddToTrolley.jsp -->

		<form class="addToTrolleyForm" name="OrderItemAddForm_123733" action="OrderItemAdd" method="post" id="OrderItemAddForm_123733">
		    <input type="hidden" name="storeId" value="10151"><input type="hidden" name="langId" value="44"><input type="hidden" name="catalogId" value="10241"><input type="hidden" name="errorViewName" value="CategoryDisplayView"><input type="hidden" name="SKU_ID" value="7544726"><input type="hidden" name="itemType" value=""><label class="access" for="quantity_123732">Quantity</label>
		        
					<input name="quantity" id="quantity_123732" type="text" size="3" value="1" class="quantity"><input type="hidden" name="catEntryId" value="123733"><input type="hidden" name="productId" value="123732"><input type="hidden" name="URL" value="http://www.sainsburys.co.uk/webapp/wcs/stores/servlet/CategoryDisplay?msg=&amp;langId=44&amp;storeId=10151&amp;krypto=hxfwQxc17VeEgm9tq%2BkMsUCLMbf58ztJqFT7V2aaDz0OqAmYohAdCDjaVGIIaCbFpq%2FHFodzQSWs%2FbTWf05kMedrc%2F57rY9Ir7rIQSzGJQrn26jnJCI5%2FSbRh2%2BdfB2orIt1139NEwfBLd4v6o0RgGZKjkvCwaqibNIHldqwYzg%3D&amp;ddkey=http%3Agb%2Fgroceries%2Fdairy%2Fspreadable-butter--"><input type="hidden" name="page" value=""><input type="hidden" name="contractId" value=""><input type="hidden" name="calculateOrder" value="1"><input type="hidden" name="calculationUsage" value="-1,-2,-3"><input type="hidden" name="updateable" value="1"><input type="hidden" name="merge" value="***"><input type="hidden" name="callAjax" value="false"><input class="button process" type="submit" name="Add" value="Add">
</form>
	<!-- END AddToTrolley.jsp -->
        <div class="numberInTrolley hidden numberInTrolley_123732" id="numberInTrolley_123732">
            
        </div>
    
                                        </div>

                                        <!-- BEGIN CatalogEntryRatingsReviewsInfo.jspf --><!-- productAllowedRatingsAndReviews: true -->
    <div class="reviews">
        
            <a class="numberOfReviews" href="http://www.sainsburys.co.uk/shop/gb/groceries/spreadable-butter--/kerrygold-softer-butter-250g#reviews">
                <img src="http://c2.sainsburys.co.uk/wcsstore7.20.1.145/SainsburysStorefrontAssetStore/img/stars/rating-3_9.gif" alt="3.8571" border="0">Â  
                Reviews (7)
            </a>
        
    </div>
<!-- END CatalogEntryRatingsReviewsInfo.jspf -->
                                   </div>
                               <!-- Start AddToSubscriptionList.jspf --><!-- Start AddToSubscriptionList.jsp --><!-- End AddToSubscriptionList.jsp --><!-- End AddToSubscriptionList.jspf -->     
                    </div>
                            
                    
                </div>     
            </div>
            <!--ThumbnailRestriction --><!-- END CatalogEntryThumbnailDisplay.jsp -->
	                            </div>
</li>
	                         

	                            <li class="gridItem" style="min-height: 406px;">
	                                <!-- BEGIN CatalogEntryThumbnailDisplay.jsp --><!-- BEGIN MerchandisingAssociationsDisplay.jsp --><!-- Start - JSP File Name:  MerchandisingAssociationsDisplay.jsp --><!-- END MerchandisingAssociationsDisplay.jsp -->
            <div class="product ">
                
                <div class="productInfo">
                    <div class="productNameAndPromotions">
                        
                                  <h3>
                                    <a href="http://www.sainsburys.co.uk/shop/gb/groceries/spreadable-butter--/lurpak-lighter-spreadable-with-olive-oil-500g">
                                        Lurpak Spreadable with Olive Oil 500g
                                        <img src="http://c2.sainsburys.co.uk/wcsstore7.20.1.145/ExtendedSitesCatalogAssetStore/images/catalog/productImages/96/5740900401396/5740900401396_L.jpeg" alt=""></a>
                                </h3>
                              
                    </div> 
                </div>
                
                <div class="errorBanner hidden" id="error122217"></div>
                <div class="addToTrolleytabBox">   
                    <!--addToTrolleytabBox GRID VIEW --><!-- Start UserSubscribedOrNot.jspf --><!-- Start UserSubscribedOrNot.jsp --><!-- 
			If the user is not logged in, render this opening 
			DIV adding an addtional class to fix the border top which is removed 
			and replaced by the tabs
		-->
		<div class="addToTrolleytabContainer addItemBorderTop">
	<!-- End AddToSubscriptionList.jsp --><!-- End AddSubscriptionList.jspf --><!-- 
                    ATTENTION!!!
                    <div class="addToTrolleytabContainer">
                    This opening div is inside "../../ReusableObjects/UserSubscribedOrNot.jsp"
                    -->
                    <div class="pricingAndTrolleyOptions">
                    	
                                    <div class="priceTab priceTabContainer activeContainer addItem" id="addItem_122217">
                                       <div class="pricing">
                                           
	<p class="pricePerUnit">
    Â£3.25<abbr title="per">/</abbr><abbr title="unit"><span class="pricePerUnitUnit">unit</span></abbr>
</p>
 
    <p class="pricePerMeasure">Â£6.50<abbr title="per">/</abbr><abbr title="kilogram"><span class="pricePerMeasureMeasure">kg</span></abbr>
    </p>

                                       </div>                                      

                                     
                                        <div class="addToTrolleyForm "> 
                                           <!-- BEGIN AddToTrolley.jsp -->

		<form class="addToTrolleyForm" name="OrderItemAddForm_122217" action="OrderItemAdd" method="post" id="OrderItemAddForm_122217">
		    <input type="hidden" name="storeId" value="10151"><input type="hidden" name="langId" value="44"><input type="hidden" name="catalogId" value="10241"><input type="hidden" name="errorViewName" value="CategoryDisplayView"><input type="hidden" name="SKU_ID" value="7513216"><input type="hidden" name="itemType" value=""><label class="access" for="quantity_122216">Quantity</label>
		        
					<input name="quantity" id="quantity_122216" type="text" size="3" value="1" class="quantity"><input type="hidden" name="catEntryId" value="122217"><input type="hidden" name="productId" value="122216"><input type="hidden" name="URL" value="http://www.sainsburys.co.uk/webapp/wcs/stores/servlet/CategoryDisplay?msg=&amp;langId=44&amp;storeId=10151&amp;krypto=hxfwQxc17VeEgm9tq%2BkMsUCLMbf58ztJqFT7V2aaDz0OqAmYohAdCDjaVGIIaCbFpq%2FHFodzQSWs%2FbTWf05kMedrc%2F57rY9Ir7rIQSzGJQrn26jnJCI5%2FSbRh2%2BdfB2orIt1139NEwfBLd4v6o0RgGZKjkvCwaqibNIHldqwYzg%3D&amp;ddkey=http%3Agb%2Fgroceries%2Fdairy%2Fspreadable-butter--"><input type="hidden" name="page" value=""><input type="hidden" name="contractId" value=""><input type="hidden" name="calculateOrder" value="1"><input type="hidden" name="calculationUsage" value="-1,-2,-3"><input type="hidden" name="updateable" value="1"><input type="hidden" name="merge" value="***"><input type="hidden" name="callAjax" value="false"><input class="button process" type="submit" name="Add" value="Add">
</form>
	<!-- END AddToTrolley.jsp -->
        <div class="numberInTrolley hidden numberInTrolley_122216" id="numberInTrolley_122216">
            
        </div>
    
                                        </div>

                                        <!-- BEGIN CatalogEntryRatingsReviewsInfo.jspf --><!-- productAllowedRatingsAndReviews: true -->
    <div class="reviews">
        
            <a class="numberOfReviews" href="http://www.sainsburys.co.uk/shop/gb/groceries/spreadable-butter--/lurpak-lighter-spreadable-with-olive-oil-500g#reviews">
                <img src="http://c2.sainsburys.co.uk/wcsstore7.20.1.145/SainsburysStorefrontAssetStore/img/stars/rating-5_0.gif" alt="5.0" border="0">Â  
                Reviews (6)
            </a>
        
    </div>
<!-- END CatalogEntryRatingsReviewsInfo.jspf -->
                                   </div>
                               <!-- Start AddToSubscriptionList.jspf --><!-- Start AddToSubscriptionList.jsp --><!-- End AddToSubscriptionList.jsp --><!-- End AddToSubscriptionList.jspf -->     
                    </div>
                            
                    
                </div>     
            </div>
            <!--ThumbnailRestriction --><!-- END CatalogEntryThumbnailDisplay.jsp -->
	                            </div>
</li>
	                         

	                            <li class="gridItem" style="min-height: 406px;">
	                                <!-- BEGIN CatalogEntryThumbnailDisplay.jsp --><!-- BEGIN MerchandisingAssociationsDisplay.jsp --><!-- Start - JSP File Name:  MerchandisingAssociationsDisplay.jsp --><!-- END MerchandisingAssociationsDisplay.jsp -->
            <div class="product ">
                
                <div class="productInfo">
                    <div class="productNameAndPromotions">
                        
                                  <h3>
                                    <a href="http://www.sainsburys.co.uk/shop/gb/groceries/spreadable-butter--/lurpak-spreadable-lighter--unsalted-500g">
                                        Lurpak Unsalted Lighter Spreadable 500g
                                        <img src="http://c2.sainsburys.co.uk/wcsstore7.20.1.145/ExtendedSitesCatalogAssetStore/images/catalog/productImages/59/5740900401259/5740900401259_L.jpeg" alt=""></a>
                                </h3>
                              
                    </div> 
                </div>
                
                <div class="errorBanner hidden" id="error119401"></div>
                <div class="addToTrolleytabBox">   
                    <!--addToTrolleytabBox GRID VIEW --><!-- Start UserSubscribedOrNot.jspf --><!-- Start UserSubscribedOrNot.jsp --><!-- 
			If the user is not logged in, render this opening 
			DIV adding an addtional class to fix the border top which is removed 
			and replaced by the tabs
		-->
		<div class="addToTrolleytabContainer addItemBorderTop">
	<!-- End AddToSubscriptionList.jsp --><!-- End AddSubscriptionList.jspf --><!-- 
                    ATTENTION!!!
                    <div class="addToTrolleytabContainer">
                    This opening div is inside "../../ReusableObjects/UserSubscribedOrNot.jsp"
                    -->
                    <div class="pricingAndTrolleyOptions">
                    	
                                    <div class="priceTab priceTabContainer activeContainer addItem" id="addItem_119401">
                                       <div class="pricing">
                                           
	<p class="pricePerUnit">
    Â£3.25<abbr title="per">/</abbr><abbr title="unit"><span class="pricePerUnitUnit">unit</span></abbr>
</p>
 
    <p class="pricePerMeasure">Â£6.50<abbr title="per">/</abbr><abbr title="kilogram"><span class="pricePerMeasureMeasure">kg</span></abbr>
    </p>

                                       </div>                                      

                                     
                                        <div class="addToTrolleyForm "> 
                                           <!-- BEGIN AddToTrolley.jsp -->

		<form class="addToTrolleyForm" name="OrderItemAddForm_119401" action="OrderItemAdd" method="post" id="OrderItemAddForm_119401">
		    <input type="hidden" name="storeId" value="10151"><input type="hidden" name="langId" value="44"><input type="hidden" name="catalogId" value="10241"><input type="hidden" name="errorViewName" value="CategoryDisplayView"><input type="hidden" name="SKU_ID" value="7284252"><input type="hidden" name="itemType" value=""><label class="access" for="quantity_119400">Quantity</label>
		        
					<input name="quantity" id="quantity_119400" type="text" size="3" value="1" class="quantity"><input type="hidden" name="catEntryId" value="119401"><input type="hidden" name="productId" value="119400"><input type="hidden" name="URL" value="http://www.sainsburys.co.uk/webapp/wcs/stores/servlet/CategoryDisplay?msg=&amp;langId=44&amp;storeId=10151&amp;krypto=hxfwQxc17VeEgm9tq%2BkMsUCLMbf58ztJqFT7V2aaDz0OqAmYohAdCDjaVGIIaCbFpq%2FHFodzQSWs%2FbTWf05kMedrc%2F57rY9Ir7rIQSzGJQrn26jnJCI5%2FSbRh2%2BdfB2orIt1139NEwfBLd4v6o0RgGZKjkvCwaqibNIHldqwYzg%3D&amp;ddkey=http%3Agb%2Fgroceries%2Fdairy%2Fspreadable-butter--"><input type="hidden" name="page" value=""><input type="hidden" name="contractId" value=""><input type="hidden" name="calculateOrder" value="1"><input type="hidden" name="calculationUsage" value="-1,-2,-3"><input type="hidden" name="updateable" value="1"><input type="hidden" name="merge" value="***"><input type="hidden" name="callAjax" value="false"><input class="button process" type="submit" name="Add" value="Add">
</form>
	<!-- END AddToTrolley.jsp -->
        <div class="numberInTrolley hidden numberInTrolley_119400" id="numberInTrolley_119400">
            
        </div>
    
                                        </div>

                                        <!-- BEGIN CatalogEntryRatingsReviewsInfo.jspf --><!-- productAllowedRatingsAndReviews: true -->
    <div class="reviews">
        
            <a class="numberOfReviews" href="http://www.sainsburys.co.uk/shop/gb/groceries/spreadable-butter--/lurpak-spreadable-lighter--unsalted-500g#reviews">
                <img src="http://c2.sainsburys.co.uk/wcsstore7.20.1.145/SainsburysStorefrontAssetStore/img/stars/rating-4_0.gif" alt="4.0" border="0">Â  
                Reviews (1)
            </a>
        
    </div>
<!-- END CatalogEntryRatingsReviewsInfo.jspf -->
                                   </div>
                               <!-- Start AddToSubscriptionList.jspf --><!-- Start AddToSubscriptionList.jsp --><!-- End AddToSubscriptionList.jsp --><!-- End AddToSubscriptionList.jspf -->     
                    </div>
                            
                    
                </div>     
            </div>
            <!--ThumbnailRestriction --><!-- END CatalogEntryThumbnailDisplay.jsp -->
	                            </div>
</li>
	                         

	                            <li class="gridItem" style="min-height: 477px;">
	                                <!-- BEGIN CatalogEntryThumbnailDisplay.jsp --><!-- BEGIN MerchandisingAssociationsDisplay.jsp --><!-- Start - JSP File Name:  MerchandisingAssociationsDisplay.jsp --><!-- END MerchandisingAssociationsDisplay.jsp -->
            <div class="product ">
                
                <div class="productInfo">
                    <div class="productNameAndPromotions">
                        
                                  <h3>
                                    <a href="http://www.sainsburys.co.uk/shop/gb/groceries/spreadable-butter--/president-slightly-salted-spreadable-butter-250g">
                                        President Spreadable Slightly Salted Butter 250g
                                        <img src="http://c2.sainsburys.co.uk/wcsstore7.20.1.145/ExtendedSitesCatalogAssetStore/images/catalog/productImages/25/3155250361825/3155250361825_L.jpeg" alt=""></a>
                                </h3>
                              
                    </div> 
                </div>
                
                <div class="errorBanner hidden" id="error425057"></div>
                <div class="addToTrolleytabBox">   
                    <!--addToTrolleytabBox GRID VIEW --><!-- Start UserSubscribedOrNot.jspf --><!-- Start UserSubscribedOrNot.jsp --><!-- 
			If the user is not logged in, render this opening 
			DIV adding an addtional class to fix the border top which is removed 
			and replaced by the tabs
		-->
		<div class="addToTrolleytabContainer addItemBorderTop">
	<!-- End AddToSubscriptionList.jsp --><!-- End AddSubscriptionList.jspf --><!-- 
                    ATTENTION!!!
                    <div class="addToTrolleytabContainer">
                    This opening div is inside "../../ReusableObjects/UserSubscribedOrNot.jsp"
                    -->
                    <div class="pricingAndTrolleyOptions">
                    	
                                    <div class="priceTab priceTabContainer activeContainer addItem" id="addItem_425057">
                                       <div class="pricing">
                                           
	<p class="pricePerUnit">
    Â£1.70<abbr title="per">/</abbr><abbr title="unit"><span class="pricePerUnitUnit">unit</span></abbr>
</p>
 
    <p class="pricePerMeasure">Â£6.80<abbr title="per">/</abbr><abbr title="kilogram"><span class="pricePerMeasureMeasure">kg</span></abbr>
    </p>

                                       </div>                                      

                                     
                                        <div class="addToTrolleyForm "> 
                                           <!-- BEGIN AddToTrolley.jsp -->

		<form class="addToTrolleyForm" name="OrderItemAddForm_425057" action="OrderItemAdd" method="post" id="OrderItemAddForm_425057">
		    <input type="hidden" name="storeId" value="10151"><input type="hidden" name="langId" value="44"><input type="hidden" name="catalogId" value="10241"><input type="hidden" name="errorViewName" value="CategoryDisplayView"><input type="hidden" name="SKU_ID" value="7638018"><input type="hidden" name="itemType" value=""><label class="access" for="quantity_425056">Quantity</label>
		        
					<input name="quantity" id="quantity_425056" type="text" size="3" value="1" class="quantity"><input type="hidden" name="catEntryId" value="425057"><input type="hidden" name="productId" value="425056"><input type="hidden" name="URL" value="http://www.sainsburys.co.uk/webapp/wcs/stores/servlet/CategoryDisplay?msg=&amp;langId=44&amp;storeId=10151&amp;krypto=hxfwQxc17VeEgm9tq%2BkMsUCLMbf58ztJqFT7V2aaDz0OqAmYohAdCDjaVGIIaCbFpq%2FHFodzQSWs%2FbTWf05kMedrc%2F57rY9Ir7rIQSzGJQrn26jnJCI5%2FSbRh2%2BdfB2orIt1139NEwfBLd4v6o0RgGZKjkvCwaqibNIHldqwYzg%3D&amp;ddkey=http%3Agb%2Fgroceries%2Fdairy%2Fspreadable-butter--"><input type="hidden" name="page" value=""><input type="hidden" name="contractId" value=""><input type="hidden" name="calculateOrder" value="1"><input type="hidden" name="calculationUsage" value="-1,-2,-3"><input type="hidden" name="updateable" value="1"><input type="hidden" name="merge" value="***"><input type="hidden" name="callAjax" value="false"><input class="button process" type="submit" name="Add" value="Add">
</form>
	<!-- END AddToTrolley.jsp -->
        <div class="numberInTrolley hidden numberInTrolley_425056" id="numberInTrolley_425056">
            
        </div>
    
                                        </div>

                                        <!-- BEGIN CatalogEntryRatingsReviewsInfo.jspf --><!-- productAllowedRatingsAndReviews: true -->
    <div class="reviews">
        
            <a class="numberOfReviews" href="http://www.sainsburys.co.uk/shop/gb/groceries/spreadable-butter--/president-slightly-salted-spreadable-butter-250g#reviews">
                <img src="http://c2.sainsburys.co.uk/wcsstore7.20.1.145/SainsburysStorefrontAssetStore/img/stars/rating-4_6.gif" alt="4.6111" border="0">Â  
                Reviews (18)
            </a>
        
    </div>
<!-- END CatalogEntryRatingsReviewsInfo.jspf -->
                                   </div>
                               <!-- Start AddToSubscriptionList.jspf --><!-- Start AddToSubscriptionList.jsp --><!-- End AddToSubscriptionList.jsp --><!-- End AddToSubscriptionList.jspf -->     
                    </div>
                            
                    
                </div>     
            </div>
            <!--ThumbnailRestriction --><!-- END CatalogEntryThumbnailDisplay.jsp -->
	                            </div>
</li>
	                         

	                            <li class="gridItem" style="min-height: 477px;">
	                                <!-- BEGIN CatalogEntryThumbnailDisplay.jsp --><!-- BEGIN MerchandisingAssociationsDisplay.jsp --><!-- Start - JSP File Name:  MerchandisingAssociationsDisplay.jsp --><!-- END MerchandisingAssociationsDisplay.jsp -->
            <div class="product ">
                
                <div class="productInfo">
                    <div class="productNameAndPromotions">
                        
                                  <h3>
                                    <a href="http://www.sainsburys.co.uk/shop/gb/groceries/spreadable-butter--/lactofree-spreadable-250g">
                                        Lactofree Spreadable 250g
                                        <img src="http://c2.sainsburys.co.uk/wcsstore7.20.1.145/ExtendedSitesCatalogAssetStore/images/catalog/productImages/83/7310860560983/7310860560983_L.jpeg" alt=""></a>
                                </h3>
                              
                    </div> 
                </div>
                
                <div class="errorBanner hidden" id="error123727"></div>
                <div class="addToTrolleytabBox">   
                    <!--addToTrolleytabBox GRID VIEW --><!-- Start UserSubscribedOrNot.jspf --><!-- Start UserSubscribedOrNot.jsp --><!-- 
			If the user is not logged in, render this opening 
			DIV adding an addtional class to fix the border top which is removed 
			and replaced by the tabs
		-->
		<div class="addToTrolleytabContainer addItemBorderTop">
	<!-- End AddToSubscriptionList.jsp --><!-- End AddSubscriptionList.jspf --><!-- 
                    ATTENTION!!!
                    <div class="addToTrolleytabContainer">
                    This opening div is inside "../../ReusableObjects/UserSubscribedOrNot.jsp"
                    -->
                    <div class="pricingAndTrolleyOptions">
                    	
                                    <div class="priceTab priceTabContainer activeContainer addItem" id="addItem_123727">
                                       <div class="pricing">
                                           
	<p class="pricePerUnit">
    Â£1.65<abbr title="per">/</abbr><abbr title="unit"><span class="pricePerUnitUnit">unit</span></abbr>
</p>
 
    <p class="pricePerMeasure">Â£6.60<abbr title="per">/</abbr><abbr title="kilogram"><span class="pricePerMeasureMeasure">kg</span></abbr>
    </p>

                                       </div>                                      

                                     
                                        <div class="addToTrolleyForm "> 
                                           <!-- BEGIN AddToTrolley.jsp -->

		<form class="addToTrolleyForm" name="OrderItemAddForm_123727" action="OrderItemAdd" method="post" id="OrderItemAddForm_123727">
		    <input type="hidden" name="storeId" value="10151"><input type="hidden" name="langId" value="44"><input type="hidden" name="catalogId" value="10241"><input type="hidden" name="errorViewName" value="CategoryDisplayView"><input type="hidden" name="SKU_ID" value="7544693"><input type="hidden" name="itemType" value=""><label class="access" for="quantity_123726">Quantity</label>
		        
					<input name="quantity" id="quantity_123726" type="text" size="3" value="1" class="quantity"><input type="hidden" name="catEntryId" value="123727"><input type="hidden" name="productId" value="123726"><input type="hidden" name="URL" value="http://www.sainsburys.co.uk/webapp/wcs/stores/servlet/CategoryDisplay?msg=&amp;langId=44&amp;storeId=10151&amp;krypto=hxfwQxc17VeEgm9tq%2BkMsUCLMbf58ztJqFT7V2aaDz0OqAmYohAdCDjaVGIIaCbFpq%2FHFodzQSWs%2FbTWf05kMedrc%2F57rY9Ir7rIQSzGJQrn26jnJCI5%2FSbRh2%2BdfB2orIt1139NEwfBLd4v6o0RgGZKjkvCwaqibNIHldqwYzg%3D&amp;ddkey=http%3Agb%2Fgroceries%2Fdairy%2Fspreadable-butter--"><input type="hidden" name="page" value=""><input type="hidden" name="contractId" value=""><input type="hidden" name="calculateOrder" value="1"><input type="hidden" name="calculationUsage" value="-1,-2,-3"><input type="hidden" name="updateable" value="1"><input type="hidden" name="merge" value="***"><input type="hidden" name="callAjax" value="false"><input class="button process" type="submit" name="Add" value="Add">
</form>
	<!-- END AddToTrolley.jsp -->
        <div class="numberInTrolley hidden numberInTrolley_123726" id="numberInTrolley_123726">
            
        </div>
    
                                        </div>

                                        <!-- BEGIN CatalogEntryRatingsReviewsInfo.jspf --><!-- productAllowedRatingsAndReviews: true -->
    <div class="reviews">
        
            <a class="numberOfReviews" href="http://www.sainsburys.co.uk/shop/gb/groceries/spreadable-butter--/lactofree-spreadable-250g#reviews">
                <img src="http://c2.sainsburys.co.uk/wcsstore7.20.1.145/SainsburysStorefrontAssetStore/img/stars/rating-4_4.gif" alt="4.4286" border="0">Â  
                Reviews (7)
            </a>
        
    </div>
<!-- END CatalogEntryRatingsReviewsInfo.jspf -->
                                   </div>
                               <!-- Start AddToSubscriptionList.jspf --><!-- Start AddToSubscriptionList.jsp --><!-- End AddToSubscriptionList.jsp --><!-- End AddToSubscriptionList.jspf -->     
                    </div>
                            
                    
                </div>     
            </div>
            <!--ThumbnailRestriction --><!-- END CatalogEntryThumbnailDisplay.jsp -->
	                            </div>
</li>
	                         

	                            <li class="gridItem" style="min-height: 477px;">
	                                <!-- BEGIN CatalogEntryThumbnailDisplay.jsp --><!-- BEGIN MerchandisingAssociationsDisplay.jsp --><!-- Start - JSP File Name:  MerchandisingAssociationsDisplay.jsp --><!-- END MerchandisingAssociationsDisplay.jsp -->
            <div class="product ">
                
                <div class="productInfo">
                    <div class="productNameAndPromotions">
                        
                                  <h3>
                                    <a href="http://www.sainsburys.co.uk/shop/gb/groceries/spreadable-butter--/sainsburys-buttersoft-light-500g">
                                        Sainsbury's Buttersoft Light 500g
                                        <img src="http://c2.sainsburys.co.uk/wcsstore7.20.1.145/ExtendedSitesCatalogAssetStore/images/catalog/productImages/59/0000001331059/0000001331059_L.jpeg" alt=""></a>
                                </h3>
                              
                    </div> 
                </div>
                
                <div class="errorBanner hidden" id="error115307"></div>
                <div class="addToTrolleytabBox">   
                    <!--addToTrolleytabBox GRID VIEW --><!-- Start UserSubscribedOrNot.jspf --><!-- Start UserSubscribedOrNot.jsp --><!-- 
			If the user is not logged in, render this opening 
			DIV adding an addtional class to fix the border top which is removed 
			and replaced by the tabs
		-->
		<div class="addToTrolleytabContainer addItemBorderTop">
	<!-- End AddToSubscriptionList.jsp --><!-- End AddSubscriptionList.jspf --><!-- 
                    ATTENTION!!!
                    <div class="addToTrolleytabContainer">
                    This opening div is inside "../../ReusableObjects/UserSubscribedOrNot.jsp"
                    -->
                    <div class="pricingAndTrolleyOptions">
                    	
                                    <div class="priceTab priceTabContainer activeContainer addItem" id="addItem_115307">
                                       <div class="pricing">
                                           
	<p class="pricePerUnit">
    Â£2.00<abbr title="per">/</abbr><abbr title="unit"><span class="pricePerUnitUnit">unit</span></abbr>
</p>
 
    <p class="pricePerMeasure">Â£4.00<abbr title="per">/</abbr><abbr title="kilogram"><span class="pricePerMeasureMeasure">kg</span></abbr>
    </p>

                                       </div>                                      

                                     
                                        <div class="addToTrolleyForm "> 
                                           <!-- BEGIN AddToTrolley.jsp -->

		<form class="addToTrolleyForm" name="OrderItemAddForm_115307" action="OrderItemAdd" method="post" id="OrderItemAddForm_115307">
		    <input type="hidden" name="storeId" value="10151"><input type="hidden" name="langId" value="44"><input type="hidden" name="catalogId" value="10241"><input type="hidden" name="errorViewName" value="CategoryDisplayView"><input type="hidden" name="SKU_ID" value="6393065"><input type="hidden" name="itemType" value=""><label class="access" for="quantity_115306">Quantity</label>
		        
					<input name="quantity" id="quantity_115306" type="text" size="3" value="1" class="quantity"><input type="hidden" name="catEntryId" value="115307"><input type="hidden" name="productId" value="115306"><input type="hidden" name="URL" value="http://www.sainsburys.co.uk/webapp/wcs/stores/servlet/CategoryDisplay?msg=&amp;langId=44&amp;storeId=10151&amp;krypto=hxfwQxc17VeEgm9tq%2BkMsUCLMbf58ztJqFT7V2aaDz0OqAmYohAdCDjaVGIIaCbFpq%2FHFodzQSWs%2FbTWf05kMedrc%2F57rY9Ir7rIQSzGJQrn26jnJCI5%2FSbRh2%2BdfB2orIt1139NEwfBLd4v6o0RgGZKjkvCwaqibNIHldqwYzg%3D&amp;ddkey=http%3Agb%2Fgroceries%2Fdairy%2Fspreadable-butter--"><input type="hidden" name="page" value=""><input type="hidden" name="contractId" value=""><input type="hidden" name="calculateOrder" value="1"><input type="hidden" name="calculationUsage" value="-1,-2,-3"><input type="hidden" name="updateable" value="1"><input type="hidden" name="merge" value="***"><input type="hidden" name="callAjax" value="false"><input class="button process" type="submit" name="Add" value="Add">
</form>
	<!-- END AddToTrolley.jsp -->
        <div class="numberInTrolley hidden numberInTrolley_115306" id="numberInTrolley_115306">
            
        </div>
    
                                        </div>

                                        <!-- BEGIN CatalogEntryRatingsReviewsInfo.jspf --><!-- productAllowedRatingsAndReviews: true -->
    <div class="reviews">
        
            <a class="numberOfReviews" href="http://www.sainsburys.co.uk/shop/gb/groceries/spreadable-butter--/sainsburys-buttersoft-light-500g#reviews">
                <img src="http://c2.sainsburys.co.uk/wcsstore7.20.1.145/SainsburysStorefrontAssetStore/img/stars/rating-3_7.gif" alt="3.6667" border="0">Â  
                Reviews (3)
            </a>
        
    </div>
<!-- END CatalogEntryRatingsReviewsInfo.jspf -->
                                   </div>
                               <!-- Start AddToSubscriptionList.jspf --><!-- Start AddToSubscriptionList.jsp --><!-- End AddToSubscriptionList.jsp --><!-- End AddToSubscriptionList.jspf -->     
                    </div>
                            
                    
    
    <div class="badges">
        <ul>
<li class="lastchild">

                        
                        
                        <img src="/wcsstore7.20.1.145/SainsburysStorefrontAssetStore/wcassets/icons/ico_spacer.gif" alt="Vegetarian">
</li>
                
        </ul>
</div>

                </div>     
            </div>
            <!--ThumbnailRestriction --><!-- END CatalogEntryThumbnailDisplay.jsp -->
	                            </div>
</li>
	                         

	                            <li class="gridItem" style="min-height: 450px;">
	                                <!-- BEGIN CatalogEntryThumbnailDisplay.jsp --><!-- BEGIN MerchandisingAssociationsDisplay.jsp --><!-- Start - JSP File Name:  MerchandisingAssociationsDisplay.jsp --><!-- END MerchandisingAssociationsDisplay.jsp -->
            <div class="product  highlighted specialOffer straplineRow">
                
                <div class="productInfo">
                    <div class="productNameAndPromotions">
                        
                                  <h3>
                                    <a href="http://www.sainsburys.co.uk/shop/gb/groceries/spreadable-butter--/anchor-unsalted-spreadable-500g">
                                        Anchor Unsalted Spreadable 500g
                                        <img src="http://c2.sainsburys.co.uk/wcsstore7.20.1.145/ExtendedSitesCatalogAssetStore/images/catalog/productImages/97/5707361100497/5707361100497_L.jpeg" alt=""></a>
                                </h3>
                              
    <div class="promotion">
                   
		            <p><a href="http://www.sainsburys.co.uk/shop/PromotionDisplayView?catalogId=10155&amp;langId=44&amp;productId=516720&amp;storeId=10151&amp;promotionId=10232301"><!-- BEGIN include/PromotionStrapline.jspf -->Only Â£2.00: Save Â£1.00<br><!-- FINISH include/PromotionStrapline.jspf --></a></p>
		                        
    </div>

                    </div> 
                </div>
                
        <div class="strapline"><a href="http://www.sainsburys.co.uk/shop/PromotionDisplayView?catalogId=10155&amp;langId=44&amp;productId=516720&amp;storeId=10151&amp;promotionId=10232301"><img src="/wcsstore7.20.1.145/SainsburysStorefrontAssetStore/wcassets/icons/special/img-special-offer.png" alt="Special Offer"></a></div>
    
                <div class="errorBanner hidden" id="error516721"></div>
                <div class="addToTrolleytabBox">   
                    <!--addToTrolleytabBox GRID VIEW --><!-- Start UserSubscribedOrNot.jspf --><!-- Start UserSubscribedOrNot.jsp --><!-- 
			If the user is not logged in, render this opening 
			DIV adding an addtional class to fix the border top which is removed 
			and replaced by the tabs
		-->
		<div class="addToTrolleytabContainer addItemBorderTop">
	<!-- End AddToSubscriptionList.jsp --><!-- End AddSubscriptionList.jspf --><!-- 
                    ATTENTION!!!
                    <div class="addToTrolleytabContainer">
                    This opening div is inside "../../ReusableObjects/UserSubscribedOrNot.jsp"
                    -->
                    <div class="pricingAndTrolleyOptions">
                    	
                                    <div class="priceTab priceTabContainer activeContainer addItem" id="addItem_516721">
                                       <div class="pricing">
                                           
	<p class="pricePerUnit">
    Â£2.00<abbr title="per">/</abbr><abbr title="unit"><span class="pricePerUnitUnit">unit</span></abbr>
</p>
 
    <p class="pricePerMeasure">Â£4.00<abbr title="per">/</abbr><abbr title="kilogram"><span class="pricePerMeasureMeasure">kg</span></abbr>
    </p>

                                       </div>                                      

                                     
                                        <div class="addToTrolleyForm "> 
                                           <!-- BEGIN AddToTrolley.jsp -->

		<form class="addToTrolleyForm" name="OrderItemAddForm_516721" action="OrderItemAdd" method="post" id="OrderItemAddForm_516721">
		    <input type="hidden" name="storeId" value="10151"><input type="hidden" name="langId" value="44"><input type="hidden" name="catalogId" value="10241"><input type="hidden" name="errorViewName" value="CategoryDisplayView"><input type="hidden" name="SKU_ID" value="7665904"><input type="hidden" name="itemType" value=""><label class="access" for="quantity_516720">Quantity</label>
		        
					<input name="quantity" id="quantity_516720" type="text" size="3" value="1" class="quantity"><input type="hidden" name="catEntryId" value="516721"><input type="hidden" name="productId" value="516720"><input type="hidden" name="URL" value="http://www.sainsburys.co.uk/webapp/wcs/stores/servlet/CategoryDisplay?msg=&amp;langId=44&amp;storeId=10151&amp;krypto=hxfwQxc17VeEgm9tq%2BkMsUCLMbf58ztJqFT7V2aaDz0OqAmYohAdCDjaVGIIaCbFpq%2FHFodzQSWs%2FbTWf05kMedrc%2F57rY9Ir7rIQSzGJQrn26jnJCI5%2FSbRh2%2BdfB2orIt1139NEwfBLd4v6o0RgGZKjkvCwaqibNIHldqwYzg%3D&amp;ddkey=http%3Agb%2Fgroceries%2Fdairy%2Fspreadable-butter--"><input type="hidden" name="page" value=""><input type="hidden" name="contractId" value=""><input type="hidden" name="calculateOrder" value="1"><input type="hidden" name="calculationUsage" value="-1,-2,-3"><input type="hidden" name="updateable" value="1"><input type="hidden" name="merge" value="***"><input type="hidden" name="callAjax" value="false"><input class="button process" type="submit" name="Add" value="Add">
</form>
	<!-- END AddToTrolley.jsp -->
        <div class="numberInTrolley hidden numberInTrolley_516720" id="numberInTrolley_516720">
            
        </div>
    
                                        </div>

                                        <!-- BEGIN CatalogEntryRatingsReviewsInfo.jspf --><!-- productAllowedRatingsAndReviews: true -->
    <div class="reviews">
        
            <a class="numberOfReviews" href="http://www.sainsburys.co.uk/shop/gb/groceries/spreadable-butter--/anchor-unsalted-spreadable-500g#reviews">
                <img src="http://c2.sainsburys.co.uk/wcsstore7.20.1.145/SainsburysStorefrontAssetStore/img/stars/rating-4_0.gif" alt="4.0" border="0">Â  
                Reviews (2)
            </a>
        
    </div>
<!-- END CatalogEntryRatingsReviewsInfo.jspf -->
                                   </div>
                               <!-- Start AddToSubscriptionList.jspf --><!-- Start AddToSubscriptionList.jsp --><!-- End AddToSubscriptionList.jsp --><!-- End AddToSubscriptionList.jspf -->     
                    </div>
                            
                    
                </div>     
            </div>
            <!--ThumbnailRestriction --><!-- END CatalogEntryThumbnailDisplay.jsp -->
	                            </div>
</li>
	                         

	                            <li class="gridItem" style="min-height: 450px;">
	                                <!-- BEGIN CatalogEntryThumbnailDisplay.jsp --><!-- BEGIN MerchandisingAssociationsDisplay.jsp --><!-- Start - JSP File Name:  MerchandisingAssociationsDisplay.jsp --><!-- END MerchandisingAssociationsDisplay.jsp -->
            <div class="product  straplineRow">
                
                <div class="productInfo">
                    <div class="productNameAndPromotions">
                        
                                  <h3>
                                    <a href="http://www.sainsburys.co.uk/shop/gb/groceries/spreadable-butter--/flora-gold-spread-slighlty-salted-400g">
                                        Flora Gold Spread Slightly Salted 400g
                                        <img src="http://c2.sainsburys.co.uk/wcsstore7.20.1.145/ExtendedSitesCatalogAssetStore/images/catalog/productImages/71/8712100576171/8712100576171_L.jpeg" alt=""></a>
                                </h3>
                              
                    </div> 
                </div>
                
                <div class="errorBanner hidden" id="error628779"></div>
                <div class="addToTrolleytabBox">   
                    <!--addToTrolleytabBox GRID VIEW --><!-- Start UserSubscribedOrNot.jspf --><!-- Start UserSubscribedOrNot.jsp --><!-- 
			If the user is not logged in, render this opening 
			DIV adding an addtional class to fix the border top which is removed 
			and replaced by the tabs
		-->
		<div class="addToTrolleytabContainer addItemBorderTop">
	<!-- End AddToSubscriptionList.jsp --><!-- End AddSubscriptionList.jspf --><!-- 
                    ATTENTION!!!
                    <div class="addToTrolleytabContainer">
                    This opening div is inside "../../ReusableObjects/UserSubscribedOrNot.jsp"
                    -->
                    <div class="pricingAndTrolleyOptions">
                    	
                                    <div class="priceTab priceTabContainer activeContainer addItem" id="addItem_628779">
                                       <div class="pricing">
                                           
	<p class="pricePerUnit">
    Â£2.60<abbr title="per">/</abbr><abbr title="unit"><span class="pricePerUnitUnit">unit</span></abbr>
</p>
 
    <p class="pricePerMeasure">Â£6.50<abbr title="per">/</abbr><abbr title="kilogram"><span class="pricePerMeasureMeasure">kg</span></abbr>
    </p>

                                       </div>                                      

                                     
                                        <div class="addToTrolleyForm "> 
                                           <!-- BEGIN AddToTrolley.jsp -->

		<form class="addToTrolleyForm" name="OrderItemAddForm_628779" action="OrderItemAdd" method="post" id="OrderItemAddForm_628779">
		    <input type="hidden" name="storeId" value="10151"><input type="hidden" name="langId" value="44"><input type="hidden" name="catalogId" value="10241"><input type="hidden" name="errorViewName" value="CategoryDisplayView"><input type="hidden" name="SKU_ID" value="7701594"><input type="hidden" name="itemType" value=""><label class="access" for="quantity_628778">Quantity</label>
		        
					<input name="quantity" id="quantity_628778" type="text" size="3" value="1" class="quantity"><input type="hidden" name="catEntryId" value="628779"><input type="hidden" name="productId" value="628778"><input type="hidden" name="URL" value="http://www.sainsburys.co.uk/webapp/wcs/stores/servlet/CategoryDisplay?msg=&amp;langId=44&amp;storeId=10151&amp;krypto=hxfwQxc17VeEgm9tq%2BkMsUCLMbf58ztJqFT7V2aaDz0OqAmYohAdCDjaVGIIaCbFpq%2FHFodzQSWs%2FbTWf05kMedrc%2F57rY9Ir7rIQSzGJQrn26jnJCI5%2FSbRh2%2BdfB2orIt1139NEwfBLd4v6o0RgGZKjkvCwaqibNIHldqwYzg%3D&amp;ddkey=http%3Agb%2Fgroceries%2Fdairy%2Fspreadable-butter--"><input type="hidden" name="page" value=""><input type="hidden" name="contractId" value=""><input type="hidden" name="calculateOrder" value="1"><input type="hidden" name="calculationUsage" value="-1,-2,-3"><input type="hidden" name="updateable" value="1"><input type="hidden" name="merge" value="***"><input type="hidden" name="callAjax" value="false"><input class="button process" type="submit" name="Add" value="Add">
</form>
	<!-- END AddToTrolley.jsp -->
        <div class="numberInTrolley hidden numberInTrolley_628778" id="numberInTrolley_628778">
            
        </div>
    
                                        </div>

                                        <!-- BEGIN CatalogEntryRatingsReviewsInfo.jspf --><!-- productAllowedRatingsAndReviews: true -->
    <div class="reviews">
        
            <a class="numberOfReviews" href="http://www.sainsburys.co.uk/shop/gb/groceries/spreadable-butter--/flora-gold-spread-slighlty-salted-400g#reviews">
                <img src="http://c2.sainsburys.co.uk/wcsstore7.20.1.145/SainsburysStorefrontAssetStore/img/stars/rating-4_2.gif" alt="4.2273" border="0">Â  
                Reviews (66)
            </a>
        
    </div>
<!-- END CatalogEntryRatingsReviewsInfo.jspf -->
                                   </div>
                               <!-- Start AddToSubscriptionList.jspf --><!-- Start AddToSubscriptionList.jsp --><!-- End AddToSubscriptionList.jsp --><!-- End AddToSubscriptionList.jspf -->     
                    </div>
                            
                    
                </div>     
            </div>
            <!--ThumbnailRestriction --><!-- END CatalogEntryThumbnailDisplay.jsp -->
	                            </div>
</li>
	                         

	                            <li class="gridItem" style="min-height: 450px;">
	                                <!-- BEGIN CatalogEntryThumbnailDisplay.jsp --><!-- BEGIN MerchandisingAssociationsDisplay.jsp --><!-- Start - JSP File Name:  MerchandisingAssociationsDisplay.jsp --><!-- END MerchandisingAssociationsDisplay.jsp -->
            <div class="product  straplineRow">
                
                <div class="productInfo">
                    <div class="productNameAndPromotions">
                        
                                  <h3>
                                    <a href="http://www.sainsburys.co.uk/shop/gb/groceries/spreadable-butter--/sainsburys-soft-spread--basics-500g">
                                        Sainsbury's Soft Spread, Basics 500g
                                        <img src="http://c2.sainsburys.co.uk/wcsstore7.20.1.145/ExtendedSitesCatalogAssetStore/images/catalog/productImages/31/0000000133531/0000000133531_L.jpeg" alt=""></a>
                                </h3>
                              
                    </div> 
                </div>
                
                <div class="errorBanner hidden" id="error534275"></div>
                <div class="addToTrolleytabBox">   
                    <!--addToTrolleytabBox GRID VIEW --><!-- Start UserSubscribedOrNot.jspf --><!-- Start UserSubscribedOrNot.jsp --><!-- 
			If the user is not logged in, render this opening 
			DIV adding an addtional class to fix the border top which is removed 
			and replaced by the tabs
		-->
		<div class="addToTrolleytabContainer addItemBorderTop">
	<!-- End AddToSubscriptionList.jsp --><!-- End AddSubscriptionList.jspf --><!-- 
                    ATTENTION!!!
                    <div class="addToTrolleytabContainer">
                    This opening div is inside "../../ReusableObjects/UserSubscribedOrNot.jsp"
                    -->
                    <div class="pricingAndTrolleyOptions">
                    	
                                    <div class="priceTab priceTabContainer activeContainer addItem" id="addItem_534275">
                                       <div class="pricing">
                                           
	<p class="pricePerUnit">
    Â£0.80<abbr title="per">/</abbr><abbr title="unit"><span class="pricePerUnitUnit">unit</span></abbr>
</p>
 
    <p class="pricePerMeasure">Â£1.60<abbr title="per">/</abbr><abbr title="kilogram"><span class="pricePerMeasureMeasure">kg</span></abbr>
    </p>

                                       </div>                                      

                                     
                                        <div class="addToTrolleyForm "> 
                                           <!-- BEGIN AddToTrolley.jsp -->

		<form class="addToTrolleyForm" name="OrderItemAddForm_534275" action="OrderItemAdd" method="post" id="OrderItemAddForm_534275">
		    <input type="hidden" name="storeId" value="10151"><input type="hidden" name="langId" value="44"><input type="hidden" name="catalogId" value="10241"><input type="hidden" name="errorViewName" value="CategoryDisplayView"><input type="hidden" name="SKU_ID" value="7657417"><input type="hidden" name="itemType" value=""><label class="access" for="quantity_534274">Quantity</label>
		        
					<input name="quantity" id="quantity_534274" type="text" size="3" value="1" class="quantity"><input type="hidden" name="catEntryId" value="534275"><input type="hidden" name="productId" value="534274"><input type="hidden" name="URL" value="http://www.sainsburys.co.uk/webapp/wcs/stores/servlet/CategoryDisplay?msg=&amp;langId=44&amp;storeId=10151&amp;krypto=hxfwQxc17VeEgm9tq%2BkMsUCLMbf58ztJqFT7V2aaDz0OqAmYohAdCDjaVGIIaCbFpq%2FHFodzQSWs%2FbTWf05kMedrc%2F57rY9Ir7rIQSzGJQrn26jnJCI5%2FSbRh2%2BdfB2orIt1139NEwfBLd4v6o0RgGZKjkvCwaqibNIHldqwYzg%3D&amp;ddkey=http%3Agb%2Fgroceries%2Fdairy%2Fspreadable-butter--"><input type="hidden" name="page" value=""><input type="hidden" name="contractId" value=""><input type="hidden" name="calculateOrder" value="1"><input type="hidden" name="calculationUsage" value="-1,-2,-3"><input type="hidden" name="updateable" value="1"><input type="hidden" name="merge" value="***"><input type="hidden" name="callAjax" value="false"><input class="button process" type="submit" name="Add" value="Add">
</form>
	<!-- END AddToTrolley.jsp -->
        <div class="numberInTrolley hidden numberInTrolley_534274" id="numberInTrolley_534274">
            
        </div>
    
                                        </div>

                                        <!-- BEGIN CatalogEntryRatingsReviewsInfo.jspf --><!-- productAllowedRatingsAndReviews: true -->
    <div class="reviews">
        
            <a class="numberOfReviews" href="http://www.sainsburys.co.uk/shop/gb/groceries/spreadable-butter--/sainsburys-soft-spread--basics-500g#reviews">
                <img src="http://c2.sainsburys.co.uk/wcsstore7.20.1.145/SainsburysStorefrontAssetStore/img/stars/rating-5_0.gif" alt="5.0" border="0">Â  
                Reviews (1)
            </a>
        
    </div>
<!-- END CatalogEntryRatingsReviewsInfo.jspf -->
                                   </div>
                               <!-- Start AddToSubscriptionList.jspf --><!-- Start AddToSubscriptionList.jsp --><!-- End AddToSubscriptionList.jsp --><!-- End AddToSubscriptionList.jspf -->     
                    </div>
                            
                    
                </div>     
            </div>
            <!--ThumbnailRestriction --><!-- END CatalogEntryThumbnailDisplay.jsp -->
	                            </div>
</li>
	                         

	                            <li class="gridItem" style="min-height: 519px;">
	                                <!-- BEGIN CatalogEntryThumbnailDisplay.jsp --><!-- BEGIN MerchandisingAssociationsDisplay.jsp --><!-- Start - JSP File Name:  MerchandisingAssociationsDisplay.jsp --><!-- END MerchandisingAssociationsDisplay.jsp -->
            <div class="product  straplineRow">
                
                <div class="productInfo">
                    <div class="productNameAndPromotions">
                        
                                  <h3>
                                    <a href="http://www.sainsburys.co.uk/shop/gb/groceries/spreadable-butter--/kerrygold-unsalted-butter-250g">
                                        Kerrygold Unsalted Butter 250g
                                        <img src="http://c2.sainsburys.co.uk/wcsstore7.20.1.145/ExtendedSitesCatalogAssetStore/images/catalog/productImages/54/5011038135454/5011038135454_L.jpeg" alt=""></a>
                                </h3>
                              
                    </div> 
                </div>
                
                <div class="errorBanner hidden" id="error670707"></div>
                <div class="addToTrolleytabBox">   
                    <!--addToTrolleytabBox GRID VIEW --><!-- Start UserSubscribedOrNot.jspf --><!-- Start UserSubscribedOrNot.jsp --><!-- 
			If the user is not logged in, render this opening 
			DIV adding an addtional class to fix the border top which is removed 
			and replaced by the tabs
		-->
		<div class="addToTrolleytabContainer addItemBorderTop">
	<!-- End AddToSubscriptionList.jsp --><!-- End AddSubscriptionList.jspf --><!-- 
                    ATTENTION!!!
                    <div class="addToTrolleytabContainer">
                    This opening div is inside "../../ReusableObjects/UserSubscribedOrNot.jsp"
                    -->
                    <div class="pricingAndTrolleyOptions">
                    	
                                    <div class="priceTab priceTabContainer activeContainer addItem" id="addItem_670707">
                                       <div class="pricing">
                                           
	<p class="pricePerUnit">
    Â£1.75<abbr title="per">/</abbr><abbr title="unit"><span class="pricePerUnitUnit">unit</span></abbr>
</p>
 
    <p class="pricePerMeasure">Â£7.00<abbr title="per">/</abbr><abbr title="kilogram"><span class="pricePerMeasureMeasure">kg</span></abbr>
    </p>

                                       </div>                                      

                                     
                                        <div class="addToTrolleyForm "> 
                                           <!-- BEGIN AddToTrolley.jsp -->

		<form class="addToTrolleyForm" name="OrderItemAddForm_670707" action="OrderItemAdd" method="post" id="OrderItemAddForm_670707">
		    <input type="hidden" name="storeId" value="10151"><input type="hidden" name="langId" value="44"><input type="hidden" name="catalogId" value="10241"><input type="hidden" name="errorViewName" value="CategoryDisplayView"><input type="hidden" name="SKU_ID" value="7717137"><input type="hidden" name="itemType" value=""><label class="access" for="quantity_670706">Quantity</label>
		        
					<input name="quantity" id="quantity_670706" type="text" size="3" value="1" class="quantity"><input type="hidden" name="catEntryId" value="670707"><input type="hidden" name="productId" value="670706"><input type="hidden" name="URL" value="http://www.sainsburys.co.uk/webapp/wcs/stores/servlet/CategoryDisplay?msg=&amp;langId=44&amp;storeId=10151&amp;krypto=hxfwQxc17VeEgm9tq%2BkMsUCLMbf58ztJqFT7V2aaDz0OqAmYohAdCDjaVGIIaCbFpq%2FHFodzQSWs%2FbTWf05kMedrc%2F57rY9Ir7rIQSzGJQrn26jnJCI5%2FSbRh2%2BdfB2orIt1139NEwfBLd4v6o0RgGZKjkvCwaqibNIHldqwYzg%3D&amp;ddkey=http%3Agb%2Fgroceries%2Fdairy%2Fspreadable-butter--"><input type="hidden" name="page" value=""><input type="hidden" name="contractId" value=""><input type="hidden" name="calculateOrder" value="1"><input type="hidden" name="calculationUsage" value="-1,-2,-3"><input type="hidden" name="updateable" value="1"><input type="hidden" name="merge" value="***"><input type="hidden" name="callAjax" value="false"><input class="button process" type="submit" name="Add" value="Add">
</form>
	<!-- END AddToTrolley.jsp -->
        <div class="numberInTrolley hidden numberInTrolley_670706" id="numberInTrolley_670706">
            
        </div>
    
                                        </div>

                                        <!-- BEGIN CatalogEntryRatingsReviewsInfo.jspf --><!-- productAllowedRatingsAndReviews: true -->
    <div class="reviews">
        
            <a class="numberOfReviews" href="http://www.sainsburys.co.uk/shop/gb/groceries/spreadable-butter--/kerrygold-unsalted-butter-250g#reviews">
                <img src="http://c2.sainsburys.co.uk/wcsstore7.20.1.145/SainsburysStorefrontAssetStore/img/stars/rating-5_0.gif" alt="5.0" border="0">Â  
                Reviews (9)
            </a>
        
    </div>
<!-- END CatalogEntryRatingsReviewsInfo.jspf -->
                                   </div>
                               <!-- Start AddToSubscriptionList.jspf --><!-- Start AddToSubscriptionList.jsp --><!-- End AddToSubscriptionList.jsp --><!-- End AddToSubscriptionList.jspf -->     
                    </div>
                            
                    
                </div>     
            </div>
            <!--ThumbnailRestriction --><!-- END CatalogEntryThumbnailDisplay.jsp -->
	                            </div>
</li>
	                         

	                            <li class="gridItem" style="min-height: 519px;">
	                                <!-- BEGIN CatalogEntryThumbnailDisplay.jsp --><!-- BEGIN MerchandisingAssociationsDisplay.jsp --><!-- Start - JSP File Name:  MerchandisingAssociationsDisplay.jsp --><!-- END MerchandisingAssociationsDisplay.jsp -->
            <div class="product  straplineRow">
                
                <div class="productInfo">
                    <div class="productNameAndPromotions">
                        
                                  <h3>
                                    <a href="http://www.sainsburys.co.uk/shop/gb/groceries/spreadable-butter--/kerrygold-spreadable-original-500g">
                                        Kerrygold Spreadable Original 500g
                                        <img src="http://c2.sainsburys.co.uk/wcsstore7.20.1.145/ExtendedSitesCatalogAssetStore/images/catalog/productImages/34/5000165368934/5000165368934_L.jpeg" alt=""></a>
                                </h3>
                              
                    </div> 
                </div>
                
                <div class="errorBanner hidden" id="error1065401"></div>
                <div class="addToTrolleytabBox">   
                    <!--addToTrolleytabBox GRID VIEW --><!-- Start UserSubscribedOrNot.jspf --><!-- Start UserSubscribedOrNot.jsp --><!-- 
			If the user is not logged in, render this opening 
			DIV adding an addtional class to fix the border top which is removed 
			and replaced by the tabs
		-->
		<div class="addToTrolleytabContainer addItemBorderTop">
	<!-- End AddToSubscriptionList.jsp --><!-- End AddSubscriptionList.jspf --><!-- 
                    ATTENTION!!!
                    <div class="addToTrolleytabContainer">
                    This opening div is inside "../../ReusableObjects/UserSubscribedOrNot.jsp"
                    -->
                    <div class="pricingAndTrolleyOptions">
                    	
                                    <div class="priceTab priceTabContainer activeContainer addItem" id="addItem_1065401">
                                       <div class="pricing">
                                           
	<p class="pricePerUnit">
    Â£2.75<abbr title="per">/</abbr><abbr title="unit"><span class="pricePerUnitUnit">unit</span></abbr>
</p>
 
    <p class="pricePerMeasure">Â£5.50<abbr title="per">/</abbr><abbr title="kilogram"><span class="pricePerMeasureMeasure">kg</span></abbr>
    </p>

                                       </div>                                      

                                     
                                        <div class="addToTrolleyForm "> 
                                           <!-- BEGIN AddToTrolley.jsp -->

		<form class="addToTrolleyForm" name="OrderItemAddForm_1065401" action="OrderItemAdd" method="post" id="OrderItemAddForm_1065401">
		    <input type="hidden" name="storeId" value="10151"><input type="hidden" name="langId" value="44"><input type="hidden" name="catalogId" value="10241"><input type="hidden" name="errorViewName" value="CategoryDisplayView"><input type="hidden" name="SKU_ID" value="7820517"><input type="hidden" name="itemType" value=""><label class="access" for="quantity_1065400">Quantity</label>
		        
					<input name="quantity" id="quantity_1065400" type="text" size="3" value="1" class="quantity"><input type="hidden" name="catEntryId" value="1065401"><input type="hidden" name="productId" value="1065400"><input type="hidden" name="URL" value="http://www.sainsburys.co.uk/webapp/wcs/stores/servlet/CategoryDisplay?msg=&amp;langId=44&amp;storeId=10151&amp;krypto=hxfwQxc17VeEgm9tq%2BkMsUCLMbf58ztJqFT7V2aaDz0OqAmYohAdCDjaVGIIaCbFpq%2FHFodzQSWs%2FbTWf05kMedrc%2F57rY9Ir7rIQSzGJQrn26jnJCI5%2FSbRh2%2BdfB2orIt1139NEwfBLd4v6o0RgGZKjkvCwaqibNIHldqwYzg%3D&amp;ddkey=http%3Agb%2Fgroceries%2Fdairy%2Fspreadable-butter--"><input type="hidden" name="page" value=""><input type="hidden" name="contractId" value=""><input type="hidden" name="calculateOrder" value="1"><input type="hidden" name="calculationUsage" value="-1,-2,-3"><input type="hidden" name="updateable" value="1"><input type="hidden" name="merge" value="***"><input type="hidden" name="callAjax" value="false"><input class="button process" type="submit" name="Add" value="Add">
</form>
	<!-- END AddToTrolley.jsp -->
        <div class="numberInTrolley hidden numberInTrolley_1065400" id="numberInTrolley_1065400">
            
        </div>
    
                                        </div>

                                        <!-- BEGIN CatalogEntryRatingsReviewsInfo.jspf --><!-- productAllowedRatingsAndReviews: true -->
    <div class="reviews">
        
            <a class="numberOfReviews" href="http://www.sainsburys.co.uk/shop/gb/groceries/spreadable-butter--/kerrygold-spreadable-original-500g#reviews">
                <img src="http://c2.sainsburys.co.uk/wcsstore7.20.1.145/SainsburysStorefrontAssetStore/img/stars/rating-3_0.gif" alt="3.0" border="0">Â  
                Reviews (3)
            </a>
        
    </div>
<!-- END CatalogEntryRatingsReviewsInfo.jspf -->
                                   </div>
                               <!-- Start AddToSubscriptionList.jspf --><!-- Start AddToSubscriptionList.jsp --><!-- End AddToSubscriptionList.jsp --><!-- End AddToSubscriptionList.jspf -->     
                    </div>
                            
                    
    
    <div class="badges">
        <ul>
<li class="lastchild">

                        
                        
                        <img src="/wcsstore7.20.1.145/SainsburysStorefrontAssetStore/wcassets/icons/new_40x40.gif" alt="New">
</li>
                
        </ul>
</div>

                </div>     
            </div>
            <!--ThumbnailRestriction --><!-- END CatalogEntryThumbnailDisplay.jsp -->
	                            </div>
</li>
	                         

	                            <li class="gridItem" style="min-height: 519px;">
	                                <!-- BEGIN CatalogEntryThumbnailDisplay.jsp --><!-- BEGIN MerchandisingAssociationsDisplay.jsp --><!-- Start - JSP File Name:  MerchandisingAssociationsDisplay.jsp --><!-- END MerchandisingAssociationsDisplay.jsp -->
            <div class="product  highlighted specialOffer straplineRow">
                
                <div class="productInfo">
                    <div class="productNameAndPromotions">
                        
                                  <h3>
                                    <a href="http://www.sainsburys.co.uk/shop/gb/groceries/spreadable-butter--/lurpak-lighter-spreadable-1kg-4162285-p-44">
                                        Lurpak Lighter Spreadable 1kg
                                        <img src="http://c2.sainsburys.co.uk/wcsstore7.20.1.145/ExtendedSitesCatalogAssetStore/images/catalog/productImages/01/5740900815001/5740900815001_L.jpeg" alt=""></a>
                                </h3>
                              
    <div class="promotion">
                   
		            <p><a href="http://www.sainsburys.co.uk/shop/PromotionDisplayView?catalogId=10350&amp;langId=44&amp;productId=1105008&amp;storeId=10151&amp;promotionId=10232461"><!-- BEGIN include/PromotionStrapline.jspf -->Only Â£5.00: Save Â£1.20<br><!-- FINISH include/PromotionStrapline.jspf --></a></p>
		                        
    </div>

                    </div> 
                </div>
                
        <div class="strapline"><a href="http://www.sainsburys.co.uk/shop/PromotionDisplayView?catalogId=10350&amp;langId=44&amp;productId=1105008&amp;storeId=10151&amp;promotionId=10232461"><img src="/wcsstore7.20.1.145/SainsburysStorefrontAssetStore/wcassets/icons/special/img-special-offer.png" alt="Special Offer"></a></div>
    
                <div class="errorBanner hidden" id="error1105009"></div>
                <div class="addToTrolleytabBox">   
                    <!--addToTrolleytabBox GRID VIEW --><!-- Start UserSubscribedOrNot.jspf --><!-- Start UserSubscribedOrNot.jsp --><!-- 
			If the user is not logged in, render this opening 
			DIV adding an addtional class to fix the border top which is removed 
			and replaced by the tabs
		-->
		<div class="addToTrolleytabContainer addItemBorderTop">
	<!-- End AddToSubscriptionList.jsp --><!-- End AddSubscriptionList.jspf --><!-- 
                    ATTENTION!!!
                    <div class="addToTrolleytabContainer">
                    This opening div is inside "../../ReusableObjects/UserSubscribedOrNot.jsp"
                    -->
                    <div class="pricingAndTrolleyOptions">
                    	
                                    <div class="priceTab priceTabContainer activeContainer addItem" id="addItem_1105009">
                                       <div class="pricing">
                                           
	<p class="pricePerUnit">
    Â£5.00<abbr title="per">/</abbr><abbr title="unit"><span class="pricePerUnitUnit">unit</span></abbr>
</p>
 
    <p class="pricePerMeasure">Â£5.00<abbr title="per">/</abbr><abbr title="kilogram"><span class="pricePerMeasureMeasure">kg</span></abbr>
    </p>

                                       </div>                                      

                                     
                                        <div class="addToTrolleyForm "> 
                                           <!-- BEGIN AddToTrolley.jsp -->

		<form class="addToTrolleyForm" name="OrderItemAddForm_1105009" action="OrderItemAdd" method="post" id="OrderItemAddForm_1105009">
		    <input type="hidden" name="storeId" value="10151"><input type="hidden" name="langId" value="44"><input type="hidden" name="catalogId" value="10241"><input type="hidden" name="errorViewName" value="CategoryDisplayView"><input type="hidden" name="SKU_ID" value="4162285"><input type="hidden" name="itemType" value=""><label class="access" for="quantity_1105008">Quantity</label>
		        
					<input name="quantity" id="quantity_1105008" type="text" size="3" value="1" class="quantity"><input type="hidden" name="catEntryId" value="1105009"><input type="hidden" name="productId" value="1105008"><input type="hidden" name="URL" value="http://www.sainsburys.co.uk/webapp/wcs/stores/servlet/CategoryDisplay?msg=&amp;langId=44&amp;storeId=10151&amp;krypto=hxfwQxc17VeEgm9tq%2BkMsUCLMbf58ztJqFT7V2aaDz0OqAmYohAdCDjaVGIIaCbFpq%2FHFodzQSWs%2FbTWf05kMedrc%2F57rY9Ir7rIQSzGJQrn26jnJCI5%2FSbRh2%2BdfB2orIt1139NEwfBLd4v6o0RgGZKjkvCwaqibNIHldqwYzg%3D&amp;ddkey=http%3Agb%2Fgroceries%2Fdairy%2Fspreadable-butter--"><input type="hidden" name="page" value=""><input type="hidden" name="contractId" value=""><input type="hidden" name="calculateOrder" value="1"><input type="hidden" name="calculationUsage" value="-1,-2,-3"><input type="hidden" name="updateable" value="1"><input type="hidden" name="merge" value="***"><input type="hidden" name="callAjax" value="false"><input class="button process" type="submit" name="Add" value="Add">
</form>
	<!-- END AddToTrolley.jsp -->
        <div class="numberInTrolley hidden numberInTrolley_1105008" id="numberInTrolley_1105008">
            
        </div>
    
                                        </div>

                                        <!-- BEGIN CatalogEntryRatingsReviewsInfo.jspf --><!-- productAllowedRatingsAndReviews: true -->
    <div class="reviews">
        
	        <a class="numberOfReviews repressive" href="http://reviews.sainsburys.co.uk//8076-en_gb/4162285-P/writereview.htm?submissionurl=http%3A%2F%2Fwww.sainsburys.co.uk%2Fwebapp%2Fwcs%2Fstores%2Fservlet%2FBVReviewSubmitDisplay%3FcatalogId%3D10350%26storeId%3D10151%26recipe%3D%26langId%3D44%26productId%3D4162285-P&amp;return=http%3A%2F%2Fwww.sainsburys.co.uk%2Fshop%2FCategoryDisplay%3FpageSize%3D30%26catalogId%3D10350%26level%3D2%26top_category%3D267396%26parent_category_rn%3D267396%26langId%3D44%26categoryId%3D267411%26beginIndex%3D0%26storeId%3D10151">
	    Write a review
          	</a>
        
    </div>
<!-- END CatalogEntryRatingsReviewsInfo.jspf -->
                                   </div>
                               <!-- Start AddToSubscriptionList.jspf --><!-- Start AddToSubscriptionList.jsp --><!-- End AddToSubscriptionList.jsp --><!-- End AddToSubscriptionList.jspf -->     
                    </div>
                            
                    
                </div>     
            </div>
            <!--ThumbnailRestriction --><!-- END CatalogEntryThumbnailDisplay.jsp -->
	                            </div>
</li>
	                         

	                            <li class="gridItem" style="min-height: 475px;">
	                                <!-- BEGIN CatalogEntryThumbnailDisplay.jsp --><!-- BEGIN MerchandisingAssociationsDisplay.jsp --><!-- Start - JSP File Name:  MerchandisingAssociationsDisplay.jsp --><!-- END MerchandisingAssociationsDisplay.jsp -->
            <div class="product ">
                
                <div class="productInfo">
                    <div class="productNameAndPromotions">
                        
                                  <h3>
                                    <a href="http://www.sainsburys.co.uk/shop/gb/groceries/spreadable-butter--/anchor-spreadable-1kg">
                                        Anchor Spreadable 1kg
                                        <img src="http://c2.sainsburys.co.uk/wcsstore7.20.1.145/ExtendedSitesCatalogAssetStore/images/catalog/productImages/52/5707361100152/5707361100152_L.jpeg" alt=""></a>
                                </h3>
                              
                    </div> 
                </div>
                
                <div class="errorBanner hidden" id="error1105049"></div>
                <div class="addToTrolleytabBox">   
                    <!--addToTrolleytabBox GRID VIEW --><!-- Start UserSubscribedOrNot.jspf --><!-- Start UserSubscribedOrNot.jsp --><!-- 
			If the user is not logged in, render this opening 
			DIV adding an addtional class to fix the border top which is removed 
			and replaced by the tabs
		-->
		<div class="addToTrolleytabContainer addItemBorderTop">
	<!-- End AddToSubscriptionList.jsp --><!-- End AddSubscriptionList.jspf --><!-- 
                    ATTENTION!!!
                    <div class="addToTrolleytabContainer">
                    This opening div is inside "../../ReusableObjects/UserSubscribedOrNot.jsp"
                    -->
                    <div class="pricingAndTrolleyOptions">
                    	
                                    <div class="priceTab priceTabContainer activeContainer addItem" id="addItem_1105049">
                                       <div class="pricing">
                                           
	<p class="pricePerUnit">
    Â£5.60<abbr title="per">/</abbr><abbr title="unit"><span class="pricePerUnitUnit">unit</span></abbr>
</p>
 
    <p class="pricePerMeasure">Â£5.60<abbr title="per">/</abbr><abbr title="kilogram"><span class="pricePerMeasureMeasure">kg</span></abbr>
    </p>

                                       </div>                                      

                                     
                                        <div class="addToTrolleyForm "> 
                                           <!-- BEGIN AddToTrolley.jsp -->

		<form class="addToTrolleyForm" name="OrderItemAddForm_1105049" action="OrderItemAdd" method="post" id="OrderItemAddForm_1105049">
		    <input type="hidden" name="storeId" value="10151"><input type="hidden" name="langId" value="44"><input type="hidden" name="catalogId" value="10241"><input type="hidden" name="errorViewName" value="CategoryDisplayView"><input type="hidden" name="SKU_ID" value="7846106"><input type="hidden" name="itemType" value=""><label class="access" for="quantity_1105048">Quantity</label>
		        
					<input name="quantity" id="quantity_1105048" type="text" size="3" value="1" class="quantity"><input type="hidden" name="catEntryId" value="1105049"><input type="hidden" name="productId" value="1105048"><input type="hidden" name="URL" value="http://www.sainsburys.co.uk/webapp/wcs/stores/servlet/CategoryDisplay?msg=&amp;langId=44&amp;storeId=10151&amp;krypto=hxfwQxc17VeEgm9tq%2BkMsUCLMbf58ztJqFT7V2aaDz0OqAmYohAdCDjaVGIIaCbFpq%2FHFodzQSWs%2FbTWf05kMedrc%2F57rY9Ir7rIQSzGJQrn26jnJCI5%2FSbRh2%2BdfB2orIt1139NEwfBLd4v6o0RgGZKjkvCwaqibNIHldqwYzg%3D&amp;ddkey=http%3Agb%2Fgroceries%2Fdairy%2Fspreadable-butter--"><input type="hidden" name="page" value=""><input type="hidden" name="contractId" value=""><input type="hidden" name="calculateOrder" value="1"><input type="hidden" name="calculationUsage" value="-1,-2,-3"><input type="hidden" name="updateable" value="1"><input type="hidden" name="merge" value="***"><input type="hidden" name="callAjax" value="false"><input class="button process" type="submit" name="Add" value="Add">
</form>
	<!-- END AddToTrolley.jsp -->
        <div class="numberInTrolley hidden numberInTrolley_1105048" id="numberInTrolley_1105048">
            
        </div>
    
                                        </div>

                                        <!-- BEGIN CatalogEntryRatingsReviewsInfo.jspf --><!-- productAllowedRatingsAndReviews: true -->
    <div class="reviews">
        
	        <a class="numberOfReviews repressive" href="http://reviews.sainsburys.co.uk//8076-en_gb/7846106-P/writereview.htm?submissionurl=http%3A%2F%2Fwww.sainsburys.co.uk%2Fwebapp%2Fwcs%2Fstores%2Fservlet%2FBVReviewSubmitDisplay%3FcatalogId%3D10350%26storeId%3D10151%26recipe%3D%26langId%3D44%26productId%3D7846106-P&amp;return=http%3A%2F%2Fwww.sainsburys.co.uk%2Fshop%2FCategoryDisplay%3FpageSize%3D30%26catalogId%3D10350%26level%3D2%26top_category%3D267396%26parent_category_rn%3D267396%26langId%3D44%26categoryId%3D267411%26beginIndex%3D0%26storeId%3D10151">
	    Write a review
          	</a>
        
    </div>
<!-- END CatalogEntryRatingsReviewsInfo.jspf -->
                                   </div>
                               <!-- Start AddToSubscriptionList.jspf --><!-- Start AddToSubscriptionList.jsp --><!-- End AddToSubscriptionList.jsp --><!-- End AddToSubscriptionList.jspf -->     
                    </div>
                            
                    
    
    <div class="badges">
        <ul>
<li class="lastchild">

                        
                        
                        <img src="/wcsstore7.20.1.145/SainsburysStorefrontAssetStore/wcassets/icons/new_40x40.gif" alt="New">
</li>
                
        </ul>
</div>

                </div>     
            </div>
            <!--ThumbnailRestriction --><!-- END CatalogEntryThumbnailDisplay.jsp -->
	                            </div>
</li>
	                         

	                            <li class="gridItem" style="min-height: 475px;">
	                                <!-- BEGIN CatalogEntryThumbnailDisplay.jsp --><!-- BEGIN MerchandisingAssociationsDisplay.jsp --><!-- Start - JSP File Name:  MerchandisingAssociationsDisplay.jsp --><!-- END MerchandisingAssociationsDisplay.jsp -->
            <div class="product ">
                
                <div class="productInfo">
                    <div class="productNameAndPromotions">
                        
                                  <h3>
                                    <a href="http://www.sainsburys.co.uk/shop/gb/groceries/spreadable-butter--/president-slightly-salted-spread-500g">
                                        President Slightly Salted Spread 500g
                                        <img src="http://c2.sainsburys.co.uk/wcsstore7.20.1.145/ExtendedSitesCatalogAssetStore/images/catalog/productImages/61/3155250368961/3155250368961_L.jpeg" alt=""></a>
                                </h3>
                              
                    </div> 
                </div>
                
                <div class="errorBanner hidden" id="error1105045"></div>
                <div class="addToTrolleytabBox">   
                    <!--addToTrolleytabBox GRID VIEW --><!-- Start UserSubscribedOrNot.jspf --><!-- Start UserSubscribedOrNot.jsp --><!-- 
			If the user is not logged in, render this opening 
			DIV adding an addtional class to fix the border top which is removed 
			and replaced by the tabs
		-->
		<div class="addToTrolleytabContainer addItemBorderTop">
	<!-- End AddToSubscriptionList.jsp --><!-- End AddSubscriptionList.jspf --><!-- 
                    ATTENTION!!!
                    <div class="addToTrolleytabContainer">
                    This opening div is inside "../../ReusableObjects/UserSubscribedOrNot.jsp"
                    -->
                    <div class="pricingAndTrolleyOptions">
                    	
                                    <div class="priceTab priceTabContainer activeContainer addItem" id="addItem_1105045">
                                       <div class="pricing">
                                           
	<p class="pricePerUnit">
    Â£3.25<abbr title="per">/</abbr><abbr title="unit"><span class="pricePerUnitUnit">unit</span></abbr>
</p>
 
    <p class="pricePerMeasure">Â£6.50<abbr title="per">/</abbr><abbr title="kilogram"><span class="pricePerMeasureMeasure">kg</span></abbr>
    </p>

                                       </div>                                      

                                     
                                        <div class="addToTrolleyForm "> 
                                           <!-- BEGIN AddToTrolley.jsp -->

		<form class="addToTrolleyForm" name="OrderItemAddForm_1105045" action="OrderItemAdd" method="post" id="OrderItemAddForm_1105045">
		    <input type="hidden" name="storeId" value="10151"><input type="hidden" name="langId" value="44"><input type="hidden" name="catalogId" value="10241"><input type="hidden" name="errorViewName" value="CategoryDisplayView"><input type="hidden" name="SKU_ID" value="7846101"><input type="hidden" name="itemType" value=""><label class="access" for="quantity_1105044">Quantity</label>
		        
					<input name="quantity" id="quantity_1105044" type="text" size="3" value="1" class="quantity"><input type="hidden" name="catEntryId" value="1105045"><input type="hidden" name="productId" value="1105044"><input type="hidden" name="URL" value="http://www.sainsburys.co.uk/webapp/wcs/stores/servlet/CategoryDisplay?msg=&amp;langId=44&amp;storeId=10151&amp;krypto=hxfwQxc17VeEgm9tq%2BkMsUCLMbf58ztJqFT7V2aaDz0OqAmYohAdCDjaVGIIaCbFpq%2FHFodzQSWs%2FbTWf05kMedrc%2F57rY9Ir7rIQSzGJQrn26jnJCI5%2FSbRh2%2BdfB2orIt1139NEwfBLd4v6o0RgGZKjkvCwaqibNIHldqwYzg%3D&amp;ddkey=http%3Agb%2Fgroceries%2Fdairy%2Fspreadable-butter--"><input type="hidden" name="page" value=""><input type="hidden" name="contractId" value=""><input type="hidden" name="calculateOrder" value="1"><input type="hidden" name="calculationUsage" value="-1,-2,-3"><input type="hidden" name="updateable" value="1"><input type="hidden" name="merge" value="***"><input type="hidden" name="callAjax" value="false"><input class="button process" type="submit" name="Add" value="Add">
</form>
	<!-- END AddToTrolley.jsp -->
        <div class="numberInTrolley hidden numberInTrolley_1105044" id="numberInTrolley_1105044">
            
        </div>
    
                                        </div>

                                        <!-- BEGIN CatalogEntryRatingsReviewsInfo.jspf --><!-- productAllowedRatingsAndReviews: true -->
    <div class="reviews">
        
	        <a class="numberOfReviews repressive" href="http://reviews.sainsburys.co.uk//8076-en_gb/7846101-P/writereview.htm?submissionurl=http%3A%2F%2Fwww.sainsburys.co.uk%2Fwebapp%2Fwcs%2Fstores%2Fservlet%2FBVReviewSubmitDisplay%3FcatalogId%3D10155%26storeId%3D10151%26recipe%3D%26langId%3D44%26productId%3D7846101-P&amp;return=http%3A%2F%2Fwww.sainsburys.co.uk%2Fshop%2FCategoryDisplay%3FpageSize%3D30%26catalogId%3D10155%26level%3D2%26top_category%3D267396%26parent_category_rn%3D267396%26langId%3D44%26categoryId%3D267411%26beginIndex%3D0%26storeId%3D10151">
	    Write a review
          	</a>
        
    </div>
<!-- END CatalogEntryRatingsReviewsInfo.jspf -->
                                   </div>
                               <!-- Start AddToSubscriptionList.jspf --><!-- Start AddToSubscriptionList.jsp --><!-- End AddToSubscriptionList.jsp --><!-- End AddToSubscriptionList.jspf -->     
                    </div>
                            
                    
    
    <div class="badges">
        <ul>
<li class="lastchild">

                        
                        
                        <img src="/wcsstore7.20.1.145/SainsburysStorefrontAssetStore/wcassets/icons/new_40x40.gif" alt="New">
</li>
                
        </ul>
</div>

                </div>     
            </div>
            <!--ThumbnailRestriction --><!-- END CatalogEntryThumbnailDisplay.jsp -->
	                            </div>
</li>
	                         
	            </ul>
<h2 class="access">Product pagination</h2>
<div class="pagination paginationBottom">

    
    <ul class="pages">
<li class="previous">
		        
		        <span class="access">Go to previous page</span>
		        
            </li>

        <li class="current">
<span class="access">Current page </span><span>1</span>
</li>
        
            <li class="next">
        
        <span class="access">Go to next page</span>
        
            </li>
    </ul>
</div>

            </div>
        </div>
    <!-- END ShelfDisplay.jsp --><!-- ********************* ZDAS ESpot Display Start ********************** -->
            <div class="section eSpotContainer bottomESpots">
                <!-- Left POD ESpot Name = Z:DAIRY/Espot_Left -->
                <!-- START ZDASPODDisplay.jsp -->

<div id="sitecatalyst_ESPOT_NAME_Z:DAIRY/Espot_Left" class="siteCatalystTag">Z:DAIRY/Espot_Left</div>

<div class="es es-border-box" style="width: 100%; padding-left: 0px; padding-top: 0px; padding-right: 0px; padding-bottom: 0px; ">
<div class="es-border-box-100 " style="padding-left: 0px; padding-top: 0px; padding-right: 0px; padding-bottom: 0px; background-color: ; "><div class="es-border-box-100">


<style>
body#departmentPage div#main div#content div.aisle-dept-gol-es-hide-espot-left,
body#shelfPage div#main div#content div.aisle-dept-gol-es-hide-espot-left,
body#aislePage div#main div#content div.aisle-dept-gol-es-hide-espot-left{
display:none;}

</style>
</div></div>


<div class="aisle-dept-gol-es-hide-espot-left">


<div>

<div>

<div><div>
</div></div>
</div>
<div class="es es-border-box" style="width: 25%; height: 140px; padding-left: 0px; padding-right: 12px; padding-bottom: 15px; "><div class="es-border-box-100 " style="background-color: #930047; ">
<div class="es-border-box-100"><a href="/shop/gb/groceries/dairy/dairy-alternatives-44"><img style="position: absolute; top: 0px; left: 0px;" src="/wcassets/lunar/nav-tracking/tracking_zonepagename-nav-1.png" alt="Dairy free milk. See all options."></a></div>
<div class="es-border-box" style="width: 100%;height: 100%; position: absolute; left: 0px;bottom: 0px;opacity: 0; -ms-filter: progid:DXImageTransform.Microsoft.Alpha(0); filter: alpha(opacity=0);background-color: #CC0000; "></div>
<div class="es-border-box" style="width: 100%;height: 100%; position: absolute; left: 0px;bottom: 0px;padding-left: px; padding-top: 17px; padding-right: px; padding-bottom: px; "><div class="es-border-box" style="width: 100%; padding-top: px; "><div class="es-lunar">
<h3 style="color:#FFF">SEE ALL</h3>
<h4 style="color:#FFF;margin:14px 0">Dairy free</h4>
<img style="margin:18px auto 0;display:table;" src="/wcassets/lunar/icons/navigation_underline.png" alt="" width="50" height="20">
</div></div></div>
</div></div>
<div class="es es-border-box" style="width: 25%; height: 140px; padding-left: 4px; padding-right: 8px; padding-bottom: 15px; "><div class="es-border-box-100 " style="background-color: #930047; ">
<div class="es-border-box-100"><a href="/shop/gb/groceries/dairy/eggs--#langId=44&amp;storeId=10151&amp;categoryId=267399&amp;parent_category_rn=267396&amp;top_category=267396&amp;pageSize=30&amp;orderBy=FAVOURITES_ONLY%7CTOP_SELLERS&amp;searchTerm=&amp;beginIndex=0"><img style="position: absolute; top: 0px; left: 0px;" src="/wcassets/lunar/nav-tracking/tracking_zonepagename-nav-2.png" alt="Eggs. See all options."></a></div>
<div class="es-border-box" style="width: 100%;height: 100%; position: absolute; left: 0px;bottom: 0px;opacity: 0; -ms-filter: progid:DXImageTransform.Microsoft.Alpha(0); filter: alpha(opacity=0);background-color: #CC0000; "></div>
<div class="es-border-box" style="width: 100%;height: 100%; position: absolute; left: 0px;bottom: 0px;padding-left: px; padding-top: 17px; padding-right: px; padding-bottom: px; "><div class="es-border-box" style="width: 100%; padding-top: px; "><div class="es-lunar">
<h3 style="color:#FFF">SEE ALL</h3>
<h4 style="color:#FFF;margin:14px 0">Eggs</h4>
<img style="margin:18px auto 0;display:table;" src="/wcassets/lunar/icons/navigation_underline.png" alt="" width="50" height="20">
</div></div></div>
</div></div>
<div class="es es-border-box" style="width: 25%; height: 140px; padding-left: 8px; padding-right: 4px; padding-bottom: 15px; "><div class="es-border-box-100 " style="background-color: #930047; ">
<div class="es-border-box-100"><a href="/shop/gb/groceries/dairy/orange-juice-276070-44#langId=44&amp;storeId=10151&amp;categoryId=276070&amp;parent_category_rn=267396&amp;top_category=267396&amp;pageSize=30&amp;orderBy=FAVOURITES_ONLY%7CTOP_SELLERS&amp;searchTerm=&amp;beginIndex=0"><img style="position: absolute; top: 0px; left: 0px;" src="/wcassets/lunar/nav-tracking/tracking_zonepagename-nav-3.png" alt="Orange juice. See all options."></a></div>
<div class="es-border-box" style="width: 100%;height: 100%; position: absolute; left: 0px;bottom: 0px;opacity: 0; -ms-filter: progid:DXImageTransform.Microsoft.Alpha(0); filter: alpha(opacity=0);background-color: #CC0000; "></div>
<div class="es-border-box" style="width: 100%;height: 100%; position: absolute; left: 0px;bottom: 0px;padding-left: px; padding-top: 17px; padding-right: px; padding-bottom: px; "><div class="es-border-box" style="width: 100%; padding-top: px; "><div class="es-lunar">
<h3 style="color:#FFF">SEE ALL</h3>
<h4 style="color:#FFF;margin:14px 0">Orange juice</h4>
<img style="margin:18px auto 0;display:table;" src="/wcassets/lunar/icons/navigation_underline.png" alt="" width="50" height="20">
</div></div></div>
</div></div>
<div class="es es-border-box" style="width: 25%; height: 140px; padding-left: 12px; padding-bottom: 15px; "><div class="es-border-box-100 " style="background-color: #930047; ">
<div class="es-border-box-100"><a href="/shop/gb/groceries/dairy/cream---custard#langId=44&amp;storeId=10151&amp;categoryId=267404&amp;parent_category_rn=267396&amp;top_category=267396&amp;pageSize=30&amp;orderBy=FAVOURITES_ONLY%7CTOP_SELLERS&amp;searchTerm=&amp;beginIndex=0"><img style="position: absolute; top: 0px; left: 0px;" src="/wcassets/lunar/nav-tracking/tracking_zonepagename-nav-4.png" alt="Cream &amp; custard. See all options."></a></div>
<div class="es-border-box" style="width: 100%;height: 100%; position: absolute; left: 0px;bottom: 0px;opacity: 0; -ms-filter: progid:DXImageTransform.Microsoft.Alpha(0); filter: alpha(opacity=0);background-color: #CC0000; "></div>
<div class="es-border-box" style="width: 100%;height: 100%; position: absolute; left: 0px;bottom: 0px;padding-left: px; padding-top: 17px; padding-right: px; padding-bottom: px; "><div class="es-border-box" style="width: 100%; padding-top: px; "><div class="es-lunar">
<h3 style="color:#FFF">SEE ALL</h3>
<h4 style="color:#FFF;margin:14px 0">Cream</h4>
<img style="margin:18px auto 0;display:table;" src="/wcassets/lunar/icons/navigation_underline.png" alt="" width="50" height="20">
</div></div></div>
</div></div>
<div class="es es-border-box" style="width: 100%; height: 40px; padding-left: 0px; padding-top: 0px; padding-right: 0px; padding-bottom: 0px; "><div class="es-border-box-100 " style="padding-left: 0px; padding-top: 0px; padding-right: 0px; padding-bottom: 0px; background-color: ; "><div class="es-border-box-100"></div></div></div>
<div class="es es-border-box" style="width: 100%; height: 265px; padding-bottom: 15px; "><div class="es-border-box-100  es-grape-bg">
<div class="es-border-box-100"><a href="/shop/gb/groceries/servlet/CatalogSearchResultView?langId=44&amp;storeId=10151&amp;categoryId=&amp;pageSize=30&amp;beginIndex=0&amp;facet=887&amp;promotionId=&amp;listId=&amp;searchTerm=Sainsbury%27s+lighter+Cheddar+cheese.&amp;hasPreviousOrder=%5BLjava.lang.String%3B%4065166516&amp;previousOrderId=&amp;categoryFacetId1=267396&amp;categoryFacetId2=267405&amp;bundleId=&amp;parent_category_rn=&amp;top_category=&amp;orderBy=PRICE_DESC#langId=44&amp;storeId=10151&amp;categoryId=&amp;parent_category_rn=&amp;top_category=&amp;pageSize=30&amp;orderBy=PRICE_DESC&amp;searchTerm=Sainsbury's%20lighter%20Cheddar%20cheese.&amp;beginIndex=0&amp;categoryFacetId1=267396&amp;categoryFacetId2=267405&amp;facet=887"><img style="position: absolute; top: 0px; left: 0px;" src="/wcassets/2017_2018/cycle_01_15_mar/arla_OLlightercheese_250x847.jpg" alt="Lighter cheese. See all options."></a></div>
<div class="es-border-box" style="width: 100%; height: 100%;position: absolute; right: 0px; top: 0px; opacity: 0; -ms-filter: progid:DXImageTransform.Microsoft.Alpha(0); filter: alpha(opacity=0);background-color: #FF3300; "></div>
<div class="es-border-box" style="width: 100%; height: 100%;position: absolute; right: 0px;top: 0px;padding-left: 0px; padding-top: 60px; padding-right: px; padding-bottom: px; ">
<div class="es-border-box" style="width: 100%; padding-top: px; "><div class="es-lunar-banner-generic">
<div class="es-lunar">
<h3 class="large white"><span style="color: #3d3d3d;">Lighter cheese<br></span></h3>
<p class="white"><span style="color: #3d3d3d;">Discover our versatile 30% less fat cheese</span></p>
<a class="btn" style="margin-top:40px;" href="/shop/gb/groceries/servlet/CatalogSearchResultView?langId=44&amp;storeId=10151&amp;categoryId=&amp;pageSize=30&amp;beginIndex=0&amp;facet=887&amp;promotionId=&amp;listId=&amp;searchTerm=Sainsbury%27s+lighter+Cheddar+cheese.&amp;hasPreviousOrder=%5BLjava.lang.String%3B%4065166516&amp;previousOrderId=&amp;categoryFacetId1=267396&amp;categoryFacetId2=267405&amp;bundleId=&amp;parent_category_rn=&amp;top_category=&amp;orderBy=PRICE_DESC#langId=44&amp;storeId=10151&amp;categoryId=&amp;parent_category_rn=&amp;top_category=&amp;pageSize=30&amp;orderBy=PRICE_DESC&amp;searchTerm=Sainsbury's%20lighter%20Cheddar%20cheese.&amp;beginIndex=0&amp;categoryFacetId1=267396&amp;categoryFacetId2=267405&amp;facet=887">Shop the range</a>
</div>
</div></div>
<div class="es-border-box" style="width: 100%; padding-top: px; "><a style="padding-right: 5px" class="es-promotion-image-link" href="www.sainsburys.co.uk"><img style="padding-right: 5px;" src="/wcassets/groceries/images/samples/component/promotion/skin_1b_inline.png" alt="Lorem ipsum dolor 2"></a></div>
</div>
</div></div>
<div class="es es-border-box" style="width: 100%; height: 40px; padding-left: 0px; padding-top: 0px; padding-right: 0px; padding-bottom: 0px; "><div class="es-border-box-100 " style="padding-left: 0px; padding-top: 0px; padding-right: 0px; padding-bottom: 0px; background-color: ; "><div class="es-border-box-100"></div></div></div>
<div class="es es-border-box" style="width: 100%; height: 345px; padding-left: 0px; padding-bottom: 15px; "><div suspendonhover="true" dojotype="dojox.widget.AutoRotator" transition="dojox.widget.rotator.crossFade" id="myAutoRotator1486143644961" class="es-border-box-100  es-grape-bg" duration="3000"><div class="es-border-box-100" style="left: 0px; top: 0px; position: absolute;">
<div class="es-border-box-100"><a href="/shop/gb/groceries/get-ideas/-waste-less-/-waste-less-" rel="external"><img src="/wcassets/2017_2018/cycle_01_15_mar/js_nfeditorialcheese_847x330.jpg" alt="Waste less save more cheese saving tip. Find out more."><span class="access"> (opens in a new window/tab)</span></a></div>
<div class="es-border-box " style="width: 100%; height: 330px; position: absolute; left: px; top: 0px; background-color: #9900FF; opacity: 0; -ms-filter: progid:DXImageTransform.Microsoft.Alpha(0); filter: alpha(opacity=0);"></div>
<div class="es-border-box" style="width: 100%; height: 330px; position: absolute; left: px; top: 0px; padding-left: 0px; padding-top: 0px; padding-right: 0px; padding-bottom: 0px; ">
<div class="es-border-box" style="width: 100%; padding-top: 0px; "><div class="es-lunar lunar-product-inspiration-left">
<h3><br></h3>
<h3><br></h3>
<h3><br></h3>
<h3>DID YOU KNOW</h3>
<h4 style="line-height:24px !important">You can save your cheese <br> from it's dried out destiny.</h4>
<h4 style="line-height:24px !important">Grate a block of cheese and <br> stick it in the freezer</h4>
<br><a class="lunar-text-link" style="margin-top: 27px;" href="/shop/gb/groceries/get-ideas/-waste-less-/-waste-less-">Find out more</a>
</div></div>
<div style="width: 100%; padding-top: 0px; " class="es-border-box">
<h3 style="text-indent: -99999px!important;">Master Butcher</h3>
<p class="hero" style="text-indent: -99999px!important;">Julien Pursglove the sixth person in the UK to be recognised by the Meat Training Council as a 'master butcher'.</p>
<p class="hero" style="text-indent: -99999px!important;">Eius modi tempora incidunt ut labore et dolore magnam aliquam quaerat voluptatem..</p>
</div>
</div>
</div></div></div>
<div class="es es-border-box" style="width: 100%; height: 20px; padding-left: 0px; padding-top: 0px; padding-right: 0px; padding-bottom: 0px; "><div class="es-border-box-100 " style="padding-left: 0px; padding-top: 0px; padding-right: 0px; padding-bottom: 0px; background-color: ; "><div class="es-border-box-100"></div></div></div>
<div class="es es-border-box" style="width: 100%; height: 20px; padding-left: 0px; padding-top: 0px; padding-right: 0px; padding-bottom: 0px; "><div class="es-border-box-100 " style="padding-left: 0px; padding-top: 0px; padding-right: 0px; padding-bottom: 0px; background-color: ; "><div class="es-border-box-100"></div></div></div>
<div class="es es-border-box" style="width: 100%; height: 0px; padding-left: 0px; padding-top: 0px; padding-right: 0px; padding-bottom: 0px; ">
<div class="es-border-box-100 " style="padding-left: 0px; padding-top: 0px; padding-right: 0px; padding-bottom: 0px; background-color: #FF3300; "><div class="es-border-box-100"></div></div>

</div>
</div>
</div>

<div><div>

</div></div>
</div>
<!-- end of if empty marketingSpotDatas loop--><!-- END ZDASPODDisplay.jsp -->
             </div>   
             
              
                
              <div class="section eSpotContainer bottomESpots">   
	                <!--  Middle POD Espot Name = Z_Default_Espot_Content -->
	                      <!-- START ZDASPODDisplay.jsp -->

<div id="sitecatalyst_ESPOT_NAME_Z_Default_Espot_Content" class="siteCatalystTag">Z_Default_Espot_Content</div>

<!-- end of if empty marketingSpotDatas loop--><!-- END ZDASPODDisplay.jsp --><!--  Right POD Espot Name = Z_Default_Espot_Content-->
	                      <!-- START ZDASPODDisplay.jsp -->

<div id="sitecatalyst_ESPOT_NAME_Z_Default_Espot_Content" class="siteCatalystTag">Z_Default_Espot_Content</div>

<!-- end of if empty marketingSpotDatas loop--><!-- END ZDASPODDisplay.jsp -->
                </div>
            <!-- ********************* ZDAS ESpot Display End ********************** -->
        </div>
        <!-- content End --><!-- auxiliary Start -->
        <div class="aside" id="auxiliary">
            <!-- BEGIN RightHandSide.jspf -->
<div id="auxiliaryDock">
    <!-- BEGIN RightHandSide.jsp -->

<div class="panel loginPanel">
	
    <div id="sitecatalyst_ESPOT_NAME_NZ_Welcome_Back_RHS_Espot" class="siteCatalystTag">NZ_Welcome_Back_RHS_Espot</div>

                    
	<h2>Already a customer?</h2>
    <form name="signIn" method="post" action="LogonView" id="Rhs_signIn">
        <input type="hidden" name="storeId" value="10151"><input type="hidden" name="langId" value="44"><input type="hidden" name="catalogId" value="10241"><input type="hidden" name="URL" value="http://www.sainsburys.co.uk/webapp/wcs/stores/servlet/CategoryDisplay?msg=&amp;langId=44&amp;storeId=10151&amp;krypto=hxfwQxc17VeEgm9tq%2BkMsUCLMbf58ztJqFT7V2aaDz0OqAmYohAdCDjaVGIIaCbFpq%2FHFodzQSWs%2FbTWf05kMedrc%2F57rY9Ir7rIQSzGJQrn26jnJCI5%2FSbRh2%2BdfB2orIt1139NEwfBLd4v6o0RgGZKjkvCwaqibNIHldqwYzg%3D&amp;ddkey=http%3Agb%2Fgroceries%2Fdairy%2Fspreadable-butter--"><input type="hidden" name="logonCallerId" value="LogonButton"><input type="hidden" name="errorViewName" value="CategoryDisplayView"><input class="button process" type="submit" value="Log in">
</form>
    
	<div class="panelFooter">
		<p class="register">Not yet registered? 
		<a class="callToAction" name="register" href="http://www.sainsburys.co.uk/shop/PostcodeCheckView?catalogId=10122&amp;currentPageUrl=http%3A%2F%2Fwww.sainsburys.co.uk%2Fwebapp%2Fwcs%2Fstores%2Fservlet%2FCategoryDisplay%3Fmsg%3D%26langId%3D44%26storeId%3D10151%26krypto%3DhxfwQxc17VeEgm9tq%252BkMsUCLMbf58ztJqFT7V2aaDz0OqAmYohAdCDjaVGIIaCbFpq%252FHFodzQSWs%252FbTWf05kMedrc%252F57rY9Ir7rIQSzGJQrn26jnJCI5%252FSbRh2%252BdfB2orIt1139NEwfBLd4v6o0RgGZKjkvCwaqibNIHldqwYzg%253D%26ddkey%3Dhttp%253Agb%252Fgroceries%252Fdairy%252Fspreadable-butter--&amp;langId=44&amp;storeId=10151"> Register Now</a></p>
	</div>
</div>
<div class="panel imagePanel checkPostCodePanel" id="checkPostCodePanel">
	
    <div id="sitecatalyst_ESPOT_NAME_NZ_Do_We_Deliver_To_You_Espot" class="siteCatalystTag">NZ_Do_We_Deliver_To_You_Espot</div>

        <h2>New customer?</h2>
    

    <p>Enter your postcode to check we deliver in your area.</p>
    
    
      <div id="PostCodeMessageArea" class="errorMessage" style="display:none;">
      </div>
    
	<form name="CheckPostCode" method="post" action="/webapp/wcs/stores/servlet/CheckPostCode" id="Rhs_checkPostCode">
		<input type="hidden" name="langId" value="44"><input type="hidden" name="storeId" value="10151"><input type="hidden" name="currentPageUrl" value="http://www.sainsburys.co.uk/webapp/wcs/stores/servlet/CategoryDisplay?msg=&amp;langId=44&amp;storeId=10151&amp;krypto=hxfwQxc17VeEgm9tq%2BkMsUCLMbf58ztJqFT7V2aaDz0OqAmYohAdCDjaVGIIaCbFpq%2FHFodzQSWs%2FbTWf05kMedrc%2F57rY9Ir7rIQSzGJQrn26jnJCI5%2FSbRh2%2BdfB2orIt1139NEwfBLd4v6o0RgGZKjkvCwaqibNIHldqwYzg%3D&amp;ddkey=http%3Agb%2Fgroceries%2Fdairy%2Fspreadable-butter--"><input type="hidden" name="currentViewName" value="CategoryDisplayView"><input type="hidden" name="messageAreaId" value="PostCodeMessageArea"><div class="field">
			<div class="indicator">
				<label class="access" for="postCode">Postcode</label>
			</div>
			<div class="input">
				<input type="text" name="postCode" id="postCode" maxlength="8" value="">
</div>
		</div>
		<div class="actions">
			<input class="button primary process" type="submit" value="Check postcode">
</div>      
	</form>
</div>
<!-- END RightHandSide.jsp --><!-- BEGIN MiniShopCartDisplay.jsp --><!-- If we get here from a generic error this service will fail so we need to catch the exception -->
		<div class="panel infoPanel">
			<span class="icon infoIcon"></span>
		   	<h2>Important Information</h2>
			<p>Alcohol promotions available to online customers serviced from our Scottish stores may differ from those shown when browsing our site. Please log in to see the full range of promotions available to you.</p>
		</div>
	<!-- END MiniShopCartDisplay.jsp -->
</div>
<!-- END RightHandSide.jspf -->
        </div>
        <!-- auxiliary End -->
    </div>
    <!-- Main Area End --><!-- Footer Start --><!-- BEGIN LayoutContainerBottom.jspf --><!-- BEGIN FooterDisplay.jspf -->


<div id="globalFooter" class="footer">
    <ul>
<li><a href="http://www.sainsburys.co.uk/privacy">Privacy policy</a></li>
	<li><a href="http://www.sainsburys.co.uk/cookies">Cookie policy</a></li>
	<li><a href="http://www.sainsburys.co.uk/terms">Terms &amp; conditions</a></li>
	<li><a href="http://www.sainsburys.co.uk/accessibility">Accessibility</a></li>
	<li><a href="http://help.sainsburys.co.uk/" rel="external" target="_blank" title="Opens in new window">Help Centre<span class="access"> (opens in a new window/tab)</span></a></li>
	<li><a href="http://help.sainsburys.co.uk/help/how_to_contact_us">Contact us</a></li>
	<li><a href="/webapp/wcs/stores/servlet/DeviceOverride?deviceId=-21&amp;langId=44&amp;storeId=10151">Mobile</a></li>
</ul>
</div>

<!-- END FooterDisplay.jspf --><!-- END LayoutContainerBottom.jspf --><!-- Footer Start End -->
    </div>
    <!--// End #page  --><!-- Bright Tagger start -->

	<div id="sitecatalyst_ws" class="siteCatalystTag"></div>
	
    <script type="text/javascript">
        var brightTagStAccount = 'sp0XdVN';
    </script><noscript>
        &lt;iframe src="//s.thebrighttag.com/iframe?c=sp0XdVN" width="1" height="1" frameborder="0" scrolling="no" marginheight="0" marginwidth="0"&gt;&lt;/iframe&gt;
    </noscript>
<!-- Bright Tagger End -->
 <script type="text/javascript">
 (function(){
 
    
    
        digitalData.page = {pageInfo:{},events:[]}; //If there is no event then create an event array
    
        var pageName = '' ? document.body.id+':':document.body.id; digitalData.page.pageInfo.pageName =pageName;
        var breadCrumb = document.querySelectorAll('#breadcrumbNavList > li > a,#breadcrumbNavList > li > strong,#breadcrumbNavList > li > span > strong');
        var element = [];
        for (var i=0,il=breadCrumb.length; i<il; i++) {
            element.push(breadCrumb[i].textContent.trim());
        }
        var bElement = element ? element.join('::'):'';
        
    
                if (bElement.length > 0 && bElement.trim()) { 
                    digitalData.page.pageInfo.breadCrumbs = 'Groceries::' + bElement;
                }
        

    var messagesDD;
    
    
	    digitalData.user = {
	        profile : {
	            profileInfo : {
	                websphereId : '',
	                deliveryPostcode: '',
	                deliveryStoreId: '',
	                deliverySlot: '',
	                deliveryCost: '',
	                deliveryOption: '',
	                deliveryType: '',
	                shoppingmode: '',
	                isSameDay: '',
	                blueMartini:''
	            }
	        } 
	    };
    
        
})();
</script><!-- END CategoriesDisplay.jsp --><div class="tooltip" id="JSTooltip" style="position: absolute; left: -999px; top: -999px;"><div class="tooltipInner">
<a href="#" class="closeTooltip" id="JSTooltipClose">Close<span class="access"> this tooltip and return to the page</span></a><div class="tooltipText" id="JSTooltipText"></div>
<div class="tooltipArrow" id="JSTooltipArrow"></div>
</div></div>
<!-- ClickTale Bottom part -->

<!-- ClickTale end of Bottom part --><script type="text/javascript" src="http://cdn.clicktale.net/www16/ptc/5ea22b8e-c62f-443c-a41b-bb50b30c6fc6.js"></script><script type="text/javascript">// Copyright 2006-2017 ClickTale Ltd., US Patent Pending
// PID: 194
// WR destination: www16
// WR version: latest
// Recording ratio: 0.1
// Generated on: 3/19/2017 2:35:37 PM (UTC 3/19/2017 7:35:37 PM)
(function (){
	var dependencyCallback;
        var scriptSyncTokens = ["wr"];
        var ct2Callback, isRecorderReady;
    var dependencies = scriptSyncTokens.slice(0);
    var clickTaleOnReadyList = window.ClickTaleOnReadyList || (window.ClickTaleOnReadyList = []);
    var indexOf = (function(){if(Array.prototype.indexOf){return function(array,value){return array.indexOf(value)}}return function(array,value){var length=array.length;for(var i=0;i<length;i++){if(array[i]===value){return i}}return -1}})();
    function isValidToken(token) {
        if (indexOf(scriptSyncTokens, token) > -1) {
            var index = indexOf(dependencies, token);

            if (index > -1) {
                dependencies.splice(index, 1);
                return true;
            }
        }

        return false;
    }

    clickTaleOnReadyList.push(function () {
        if (ct2Callback) {
            ct2Callback();
        }

        isRecorderReady = true;
    });

    window.ClickTaleGlobal = window.ClickTaleGlobal || {};
    ClickTaleGlobal.scripts = ClickTaleGlobal.scripts || {};
    ClickTaleGlobal.scripts.dependencies = {
        setDependencies: function (deps) {
            scriptSyncTokens = deps;
        },
        onDependencyResolved: function (callback) {
            dependencyCallback = callback;
        },
        notifyScriptLoaded: function (token) {
            if (isValidToken(token)) {
                if (dependencies.length === 0 && typeof dependencyCallback === "function") {
                    dependencyCallback();
                }
            }
        }
    };

    ClickTaleGlobal.scripts.integration = {
        onReady: function (callback) {
            if (isRecorderReady) {
                callback();
            }
            else {
                ct2Callback = callback;
            }
        }
    };
})();




function ClickTaleCDNHTTPSRewrite(u)
{
	try
	{
		var scripts = document.getElementsByTagName('script');
		if(scripts.length)
		{
			var script = scripts[ scripts.length - 1 ], s='https://clicktalecdn.sslcs.cdngc.net/';
			if(script.src && script.src.substr(0,s.length)==s )
				return u.replace('https://cdnssl.clicktale.net/',s);
		}
	}
	catch(e)
	{
	}
	return u;
} 

window.ClickTaleIsXHTMLCompliant = true;
if (typeof (ClickTaleCreateDOMElement) != "function")
{
	ClickTaleCreateDOMElement = function(tagName)
	{
		if (document.createElementNS)
		{
			return document.createElementNS('http://www.w3.org/1999/xhtml', tagName);
		}
		return document.createElement(tagName);
	}
}

if (typeof (ClickTaleAppendInHead) != "function")
{
	ClickTaleAppendInHead = function(element)
	{
		var parent = document.getElementsByTagName('head').item(0) || document.documentElement;
		parent.appendChild(element);
	}
}

if (typeof (ClickTaleXHTMLCompliantScriptTagCreate) != "function")
{
	ClickTaleXHTMLCompliantScriptTagCreate = function(code)
	{
		var script = ClickTaleCreateDOMElement('script');
		script.setAttribute("type", "text/javascript");
		script.text = code;
		return script;
	}
}	

var pccScriptElement = ClickTaleCreateDOMElement('script');
pccScriptElement.type = "text/javascript";
pccScriptElement.src = (document.location.protocol=='https:'?
ClickTaleCDNHTTPSRewrite('https://cdnssl.clicktale.net/www16/pcc/5ea22b8e-c62f-443c-a41b-bb50b30c6fc6.js?DeploymentConfigName=Release_20170316&Version=2'):
'http://cdn.clicktale.net/www16/pcc/5ea22b8e-c62f-443c-a41b-bb50b30c6fc6.js?DeploymentConfigName=Release_20170316&Version=2');
ClickTaleGlobal.init.isAllowed && document.body.appendChild(pccScriptElement);
	
if (typeof window.ClickTaleScriptSource == 'undefined') {
	window.ClickTaleScriptSource=(document.location.protocol=='https:'
		?ClickTaleCDNHTTPSRewrite('https://cdnssl.clicktale.net/www/')
		:'http://cdn.clicktale.net/www/');
}


// Start of user-defined pre WR code (PreLoad)
!function() { function ClickTaleMonitorSettings() { this.started = !1, this.stopCallbacks = [], this.readyCallbacks = [], this.startCallbacks = [] } function createElement(t) { if (document.documentElement.namespaceURI) try { return document.createElementNS("http://www.w3.org/1999/xhtml", t) } catch (t) {} return document.createElement(t) } function createMonitorScript(t) { var n, i; (i = document.body || document.head) && (n = createElement("script"), n.src = t, n.async = !0, n.type = "text/javascript", i.appendChild(n)) } function invokeMonitor(t, n) { var i = ClickTaleMonitorSettings.instance; if (i && i.monitor) return i.monitor[t].apply(i.monitor, n) } if (ClickTaleMonitorSettings.onReady = function(t, n) { for (var i, o = ClickTaleMonitorSettings.get(), e = o.readyCallbacks, c = e.length, r = 0; r < c; r++) e[r](); ClickTaleMonitor.Settings.get().configure({ transport: { url: "https://ir-conductor.clicktale.net/monitor" } }); o.started || (i = new ClickTaleMonitor.App(114,function(t) { o.started = !0, o.addApplication(t), o.startCallbacks.forEach(function(t) { t() }) } ,t,n), i.onStop(function(t) { o && (o.stopCallbacks.forEach(function(t) { t() }), ClickTaleMonitorSettings.instance = void 0) })) } , ClickTaleMonitorSettings.prototype.addApplication = function(t) { this.monitor = t } , ClickTaleMonitorSettings.prototype.configure = function(t) { this.config = t } , ClickTaleMonitorSettings.prototype.onStart = function(t) { this.monitor && this.monitor.isMonitoring() ? t() : this.startCallbacks.push(t) } , ClickTaleMonitorSettings.prototype.onStop = function(t) { this.stopCallbacks.push(t) } , ClickTaleMonitorSettings.prototype.onReady = function(t) { this.readyCallbacks.push(t) } , ClickTaleMonitorSettings.get = function() { return ClickTaleMonitorSettings.instance || (ClickTaleMonitorSettings.instance = new ClickTaleMonitorSettings) } , Object.defineProperty) try { Object.defineProperty(ClickTaleMonitorSettings, "config", { get: function() { return ClickTaleMonitorSettings.instance ? ClickTaleMonitorSettings.instance.config : null }, enumerable: !0, configurable: !0 }) } catch (t) {} window.ClickTaleMonitor = { stop: function() { invokeMonitor("dispose") }, restart: function(t, n) { ClickTaleMonitor.stop(), ClickTaleMonitorSettings.onReady(t, n) }, shutdown: function() { invokeMonitor("shutdown") }, addEvent: function(t) { invokeMonitor("addEvent", [t]) }, isMonitoring: function() { return !!invokeMonitor("isMonitoring") }, Settings: ClickTaleMonitorSettings }, createMonitorScript("https://cdna.clicktale.net/www/tc/monitor-1.3.9.js"); }();

//PTC Code Version 7

window.ClickTaleSettings = window.ClickTaleSettings || {};
window.ClickTaleSettings.PTC = window.ClickTaleSettings.PTC || {};
//set the following property only when there are No Load errors in recordings
//window.ClickTaleIncludedOnWindowLoad = true;
//Remove the next line if not using XHTML compliant configuration.
window.ClickTaleIncludedOnDOMReady = true;
window.ClickTaleSettings.PTC.EnableChangeMonitor = false;
window.ClickTaleSettings.PTC.UseTransport = true;
window.ClickTaleUIDCookieName = 'WRUIDAWS';

function deleteIrrelevantUIDCookies(relevant) {
    var cookieArray = document.cookie.replace(/\s+/g, '').split(";");
    var hostArray = location.host.split('.');
    var topDom = (hostArray.length <= 2 ? location.host : hostArray.slice(1).join('.'));
    for (var i = 0; i < cookieArray.length; i++) {
        var currentCookie = cookieArray[i];
        var cookieKey = currentCookie.substring(0, currentCookie.indexOf('='));
        if (cookieKey.indexOf('WRUID') > -1 && relevant.indexOf(cookieKey) == -1) {
            document.cookie = cookieKey + "='';domain=." + topDom + ";path=/;expires=Thu, 01-Jan-1970 00:00:01 GMT;";
            document.cookie = cookieKey + "='';path=/;expires=Thu, 01-Jan-1970 00:00:01 GMT;";
        }
    }
}
deleteIrrelevantUIDCookies([window.ClickTaleUIDCookieName]);

window.ClickTaleSettings.CheckAgentSupport = function (f, v) {
    if (v.t == v.IE && v.v <= 8) {
        window.ClickTaleSettings.PTC.okToRunPCC = false;
        return false;
    }
    else {
        if (!(v.t == v.IE && v.v <= 10)) {
            window.ClickTaleSettings.PTC.EnableChangeMonitor = true;
            window.ClickTaleSettings.PTC.ConfigChangeMonitor();
        }
        var fv = f(v);
        window.ClickTaleSettings.PTC.okToRunPCC = fv;
        mobileFlagForReWriteRules = false;
        if (v.m) {
            mobileFlagForReWriteRules = true;
        }
        return fv;

    }
};
window.ClickTaleSettings.Persistence = {
    EnableStorage: true,
    EnableStreams: true,
    EnableDispatch: true,
    AutoDispatch: true, //v.15.2 and above; default is true, when false message will be dispatched when calling ClickTaleDispatchPersistedMessages -
    Providers: ["hybrid"] //v.15.2 and above; can also be: "indexedDB" or "localStorage"
};

window.ClickTaleSettings.Protocol = {
    Method: "ImpactRecorder"
};

window.ClickTaleSettings.Proxy = {
    WR: "ir-ing-district.clicktale.net/ctn_v2/",
    ImageFlag: "ir-ing-district.clicktale.net/ctn_v2/"
};

window.ClickTaleSettings.PTC.RulesObj = [{
    selector: "input[type=\"text\"], input[type=\"tel\"], input[type=\"email\"]",
    changeMon: {
        Attributes: ['value'],
        Text: false
    },
    rewriteApi: {
        Attributes: ['value'],
        Text: false
    }
}, {
    selector: ".orderDetail div.adr>div,.orderDetail dd.noMargin,.orderDetail dd:last-child,table.checkout tr:last-child a , a.loggedInContactName,.hello strong,.adr .street-address,.adr .region,.adr .postal-code",
    changeMon: {
        Attributes: false,
        Text: true
    },
    rewriteApi: {
        Attributes: false,
        Text: true
    }
}, {
    selector: ".orderNumber+.orderSummary dt",
    changeMon: {
        Attributes: false,
        Text: true
    },
    rewriteApi: {
        Attributes: false,
        Text: true
    },
    location: {
        prop: 'pathname',
        search: /\/sol\/my_account\/(scheduled|previous)_orders\.jsp/i
    }
}, {
    selector: "table.orders>tbody>tr>td:first-child",
    changeMon: {
        Attributes: false,
        Text: true
    },
    rewriteApi: {
        Attributes: false,
        Text: true
    },
    location: {
        prop: 'pathname',
        search: /\/sol\/my_account\/myorders\.jsp/i
    }
}];

window.ClickTaleSettings.PTC.RulesObjRemoveEls = [
];

; (function () {
    if (typeof window.ClickTalePIISelector === 'string' && window.ClickTalePIISelector != '') {
        try {
            var domNodes = document.querySelectorAll(window.ClickTalePIISelector);
            if (domNodes) {
                window.ClickTaleSettings.PTC.RulesObj.push({
                    selector: window.ClickTalePIISelector,
                    changeMon: {
                        Attributes: ['value'],
                        Text: true
                    },
                    rewriteApi: {
                        Attributes: ['value'],
                        Text: true
                    }
                });
            }
        }
        catch (err) {
        }
    }
})();

window.ClickTaleSettings.PTC.cloneNodeIE9 = function (node) {
    var clone = node.nodeType === 3 ? document.createTextNode(node.nodeValue) : node.cloneNode(false);

    var child = node.firstChild;
    while (child) {
        if (child.nodeName !== 'SCRIPT') {
            clone.appendChild(window.ClickTaleSettings.PTC.cloneNodeIE9(child));
        }
        else {
            var script = document.createElement('script');
            clone.appendChild(script);
        }
        child = child.nextSibling;
    }

    return clone;
};

window.ClickTaleSettings.PTC.ConfigChangeMonitor = function () {

    if (window.ClickTaleSettings.PTC.EnableChangeMonitor) {
        window.ClickTaleSettings.XHRWrapper = {
            Enable: false
        };

        var script = document.createElement("SCRIPT");
        script.src = (document.location.protocol === "https:" ? "https://cdnssl." : "http://cdn.") + "clicktale.net/www/ChangeMonitor-latest.js";
        document.body.appendChild(script);

        window.ClickTaleSettings.ChangeMonitor = {
            Enable: true,
            LiveExclude: true,
            AddressingMode: "id",
            OnReadyHandler: function (changeMonitor) {
                changeMonitor.observe();
            },
            OnBeforeReadyHandler: function (settings) {
                settings.Enable = window.ClickTaleGetUID ? !!ClickTaleGetUID() : false;
                return settings;
            },
            PII: {
                Text: [
                    {
                        selector: ".infoTable tbody tr td",
                        transform: function (el) {
                            var newParentNode = el;
                            var counter = 0
                            var needToMask = false;
                            var text = el.textContent;

                            while (newParentNode.nodeName.toLowerCase() != 'tr' && newParentNode.nodeName.toLowerCase() != 'body' && counter < 7) {
                                counter++;
                                if (newParentNode.parentNode) {
                                    newParentNode = newParentNode.parentNode;
                                }
                            }
                            if (newParentNode.nodeName.toLowerCase() == 'tr') {
                                if (newParentNode.textContent.toLowerCase().indexOf('delivery address') > -1) {
                                    needToMask = true;
                                }
                            }

                            if (needToMask) {
                                return text.replace(/\w/g, '-');
                            }
                            else {
                                return text;
                            }
                        }
                    },
					{
					    selector: ".addressList li", // Masking changes that happen to reserved delivery time and address box when changing delivery slot
					    transform: function (el) {
					        return "-------";
					    }
					},
                    {
                        selector: "select#Shipping_selectAddress option", // Masking changes that happen to shiping select address
                        transform: function (el) {
                            var text = el.textContent;
                            return text.replace(/\w/g, '-');
                        }
                    },
                    {
                        selector: 'select[name="listOfPaymentInstructions"] option', // Masking changes that happen to list Of Payment Instructions
                        transform: function (el) {
                            var text = el.textContent;
                            return text.replace(/\w/g, '-');
                        }
                    }
                    ,
                    {
                        selector: 'span.postcode', // Masking changes that happen to postcode when the popup appear
                        transform: function (el) {
                            var text = el.textContent;
                            return text.replace(/\w/g, '-');
                        }
                    }
                ],
                Attribute: [
                    {
                        selector: "select#expiryMonth option",
                        transform: function (el) {
                            var attrs = el.attributes;
                            var attrsToReturn = {}
                            for (var i = 0; i < attrs.length; i++) {
                                var name = attrs[i].nodeName;
                                attrsToReturn[name] = attrs[i].nodeValue;
                            }
                            attrsToReturn['value'] = '--';
                            return attrsToReturn;
                        }
                    },
                    {
                        selector: "select#expiryYear option",
                        transform: function (el) {
                            var attrs = el.attributes;
                            var attrsToReturn = {}
                            for (var i = 0; i < attrs.length; i++) {
                                var name = attrs[i].nodeName;
                                attrsToReturn[name] = attrs[i].nodeValue;
                            }
                            attrsToReturn['value'] = '--';
                            return attrsToReturn;
                        }
                    },
                    {
                        selector: "select#Billing_selectAddress option",
                        transform: function (el) {
                            var attrs = el.attributes;
                            var attrsToReturn = {}
                            for (var i = 0; i < attrs.length; i++) {
                                var name = attrs[i].nodeName;
                                attrsToReturn[name] = attrs[i].nodeValue;
                            }
                            attrsToReturn['value'] = '---------------';
                            return attrsToReturn;
                        }
                    }
                ]
            },
            Filters: {
                MaxBufferSize: 1500000,
                MaxElementCount: 30000,
                Before: [function (mutations) {
                    if (typeof ClickTaleSettings.PTC.CMBeforeFilter === 'function') {
                        return ClickTaleSettings.PTC.CMBeforeFilter(mutations);
                    }
                    return true;
                }
                ]
            }
        }
        var RulesObj = window.ClickTaleSettings.PTC.RulesObj;
        if (RulesObj) {
            window.ClickTaleSettings.ChangeMonitor.PII.Text = window.ClickTaleSettings.ChangeMonitor.PII.Text || [];
            window.ClickTaleSettings.ChangeMonitor.PII.Attributes = window.ClickTaleSettings.ChangeMonitor.PII.Attributes || [];
            for (var i = 0; i < RulesObj.length; i++) {
                var CMrule = RulesObj[i]['changeMon'];
                var CMlocation = RulesObj[i]['location'];
                if (!CMrule || (CMlocation && document.location[CMlocation['prop']].toLowerCase().search(CMlocation.search) === -1)) {
                    continue;
                }
                var selector = RulesObj[i]['selector'];
                var attributesArr = CMrule.Attributes;
                if (attributesArr instanceof Array) {
                    for (var u = 0; u < attributesArr.length; u++) {
                        var attr = attributesArr[u];
                        window.ClickTaleSettings.ChangeMonitor.PII.Attributes.push({
                            selector: selector,
                            transform: (function (attr) {
                                return function (el) {
                                    var attrs = el.attributes;
                                    var attrsToReturn = {}
                                    for (var i = 0; i < attrs.length; i++) {
                                        var name = attrs[i].nodeName;
                                        attrsToReturn[name] = attrs[i].nodeValue;
                                    }
                                    var attrib = el.getAttribute(attr);;
                                    if (typeof attrib === 'string') {
                                        attrsToReturn[attr] = attrib.replace(/\w/g, '-');
                                    }
                                    return attrsToReturn;
                                }
                            })(attr)
                        });
                    }
                }
                if (CMrule.Text) {
                    window.ClickTaleSettings.ChangeMonitor.PII.Text.push({
                        selector: selector,
                        transform: function (el) {
                            return el.textContent.replace(/\w/g, '-');
                        }
                    });
                }
            }
        }
    }
};

window.ClickTaleSettings.Compression = {
    Method: function () {
        return "deflate";
    }
};

window.ClickTaleSettings.Transport = {
    Legacy: false,
    MaxConcurrentRequests: 5
};

window.ClickTaleSettings.RewriteRules = {
    OnBeforeRewrite: function (rewriteApi) {
        var bodyClone = ((document.documentMode && document.documentMode <= 9) ? ClickTaleSettings.PTC.cloneNodeIE9(document.documentElement) : document.documentElement.cloneNode(true));

        if (window.ClickTaleSettings.PTC.RulesObj) {
            rewriteApi.add(function (buffer) {


                var RulesObj = window.ClickTaleSettings.PTC.RulesObj;
                for (var i = 0; i < RulesObj.length; i++) {
                    var rewriteApirule = RulesObj[i]['rewriteApi'];
                    var rewriteApilocation = RulesObj[i]['location'];
                    if (!rewriteApirule || (rewriteApilocation && document.location[rewriteApilocation['prop']].toLowerCase().search(rewriteApilocation.search) === -1)) {
                        continue;
                    }
                    var selector = RulesObj[i]['selector'];
                    var elements = bodyClone.querySelectorAll(selector);

                    Array.prototype.forEach.call(elements, function (el, ind) {
                        var attributesArr = rewriteApirule.Attributes;
                        if (attributesArr instanceof Array) {

                            for (var u = 0; u < attributesArr.length; u++) {
                                var attr = attributesArr[u];
                                var attrib = el.getAttribute(attr);
                                if (typeof attrib === 'string') {
                                    el.setAttribute(attr, attrib.replace(/\w/g, '-'));
                                }
                            }

                        }
                        if (rewriteApirule.Text) {
                            var children = el.childNodes;
                            Array.prototype.forEach.call(children, function (child) {
                                if (child && child.nodeType === 3) {
                                    child.textContent = child.textContent.replace(/\w/g, '-');
                                }
                            });
                        }
                    });
                }

                //work on body
                var RulesObjRemoveEls = window.ClickTaleSettings.PTC.RulesObjRemoveEls;
                if (RulesObjRemoveEls) {
                    for (var i = 0; i < RulesObjRemoveEls.length; i++) {
                        if (RulesObjRemoveEls[i].rewriteApi) {
                            var elementsToRemove = bodyClone.querySelectorAll(RulesObjRemoveEls[i].rewriteApi);
                            Array.prototype.forEach.call(elementsToRemove, function (el, ind) {
                                if (el.parentNode) {
                                    el.parentNode.removeChild(el);
                                }
                            });
                        }
                        if (RulesObjRemoveEls[i].rewriteApiReplace) {
                            var elementsToReplace = bodyClone.querySelectorAll(RulesObjRemoveEls[i].rewriteApiReplace);
                            Array.prototype.forEach.call(elementsToReplace, function (el, ind) {
                                if (el.parentNode) {
                                    var comment = document.createComment(el.outerHTML);
                                    el.parentNode.replaceChild(comment, el);
                                }
                            });
                        }
                    }
                }

                buffer = buffer.replace(/(<body[^>]*>)[\s\S]*?<\/body>/gi, function (m, g1) {
                    if (g1) {
                        return g1 + bodyClone.innerHTML.replace(/<script\b([^>]*)>([\s\S]*?)<\/script>/gi, '<script><\/script>').replace(/(<div id="?ClickTaleDiv"?[^>]+>)\s*<script[^>]+><\/script>\s*(<\/div>)/i, '$1$2') + '<\/body>';
                    }
                    return m;
                });

                return buffer;
            });
        }
        rewriteApi.add({
            pattern: /(<head[^>]*>)/i,
            replace: '$1<script type="text\/javascript" class="cm-ignore" src="http:\/\/dummytest.clicktale-samples.com\/GlobalResources\/jquery.js"><\/script>'
        });
        rewriteApi.add(function (buffer) {
            buffer = buffer.replace(/(<div[^>]*id="deliveryInfoPanel"[^>]*>[\s\S]*?<span[^>]*class="postcode"[^>]*>)([^"]+?)(<\/span>)/i, function (m, g1, g2, g3) {
                if (g1 && g2 && g3) {
                    return g1 + g2.replace(/\w/g, '-') + g3;
                }
                return m;
            });
            return buffer;
        });
        //Masking PII cases for SAIN-31



        rewriteApi.add(function (buffer) { //delivery address (at the delivering information box) - accross the site t = 0.000469953
            buffer = buffer.replace(/(span[^>]*class="postcode">)([\s\S]+?)(<\/span>)/i, function (m, g1, g2, g3) {
                if (g1 && g2 && g3) {
                    if (g2.indexOf('fulfilmentLocation') > -1) {
                        return m;
                    }
                    return g1 + g2.replace(/\w/g, '-') + g3;
                }
                return m;

            });
            return buffer;
        });
        rewriteApi.add(function (buffer) { //delivery address (at the delivering information box) - accross the site t = 0.000469953
            buffer = buffer.replace(/(a[^>]*class="fulfilmentLocation"[^>]*>)([\s\S]+?)(<\/a>)/i, function (m, g1, g2, g3) {
                if (g1 && g2 && g3) {
                    return g1 + g2.replace(/\w/g, '-') + g3;
                }
                return m;

            });
            return buffer;
        });

        rewriteApi.add(function (buffer) { //address details at Delivery Page t = 0.001250125
            buffer = buffer.replace(/(<ul[^>]*addressList[^>]*>)([\s\S]+?)(<\/ul>)/i, function (m, g1, g2, g3) {
                if (g1 && g2 && g3) {
                    return g1 + g2.replace(/(<li[^>]*?>)([\s\S]+?)(<\/li)/img, '$1----$3') + g3;
                }
                return m;

            });
            return buffer;
        });

        rewriteApi.add(function (buffer) { // Masking changes that happen to billing select address 0.0009
            buffer = buffer.replace(/(<select[^>]*Billing_selectAddress[^>]*>)([\s\S]+?)(<\/select>)/i, function (m, g1, g2, g3) {
                if (g1 && g2 && g3) {
                    return g1 + g2.replace(/(<option[^>]*>)([\s\S]+?)(<\/option>)/img, '$1----------$3') + g3;
                }
                return m;

            });
            return buffer;
        });
        rewriteApi.add(function (buffer) { // Masking changes that happen to shiping select address 0.0008
            buffer = buffer.replace(/(<select[^>]*Shipping_selectAddress[^>]*>)([\s\S]+?)(<\/select>)/i, function (m, g1, g2, g3) {
                if (g1 && g2 && g3) {
                    return g1 + g2.replace(/(<option[^>]*>)([\s\S]+?)(<\/option>)/img, '$1----------$3') + g3;
                }
                return m;

            });
            return buffer;
        });
        rewriteApi.add(function (buffer) { // Masking changes that happen to list Of Payment Instructions 0.00038
            buffer = buffer.replace(/(<select[^>]*name="listOfPaymentInstructions"[^>]*>)([\s\S]+?)(<\/select>)/i, function (m, g1, g2, g3) {
                if (g1 && g2 && g3) {
                    return g1 + g2.replace(/(<option[^>]*>)([\s\S]+?)(<\/option>)/img, '$1----------$3') + g3;
                }
                return m;

            });
            return buffer;
        });

        rewriteApi.add(function (buffer) { // Masking changes that happen to list Of Payment Instructions 0.00038
            buffer = buffer.replace(/(<input[^>]*id="cardNumber"[^>]*value=")([^"]*)("[^>]*>)/i, function (m, g1, g2, g3) {
                if (g1 && g2 && g3) {
                    return g1 + g2.replace(/[\w\W]/mig, '-') + g3;
                }
                return m;

            });
            return buffer;
        });

        rewriteApi.add(function (buffer) { // Masking changes that happen to credit card expire date - year -  0.000320032
            buffer = buffer.replace(/(<select[^>]*id="expiryYear"[^>]*>[\s\S]*?<option[^>]*selected[^>]*>)([\s\S]*?)(<\/option>)/i, function (m, g1, g2, g3) {
                if (g1 && g2 && g3) {
                    return g1 + g2.replace(/[\w\W]/ig, '-') + g3;
                }
                return m;

            });
            return buffer;
        });

        rewriteApi.add(function (buffer) { // Masking changes that happen to credit card expire date - month -  0.000320032
            buffer = buffer.replace(/(<select[^>]*id="expiryMonth"[^>]*>[\s\S]*?<option[^>]*selected[^>]*>)([\s\S]*?)(<\/option>)/i, function (m, g1, g2, g3) {
                if (g1 && g2 && g3) {
                    return g1 + g2.replace(/[\w\W]/ig, '-') + g3;
                }
                return m;

            });
            return buffer;
        });

        rewriteApi.add(function (buffer) { //user name t = 0.000720072
            buffer = buffer.replace(/(<p[^>]*homepageGreeting[^>]*>)([\s\S]+?)(<\/p>)/i, function (m, g1, g2, g3) {
                if (g1 && g2 && g3) {
                    return g1 + g2.replace(/\w/g, '-') + g3;
                }
                return m;

            });
            return buffer;
        });

        if (document.location.pathname && (document.location.pathname.indexOf("/webapp/wcs/stores/servlet/OrderBillingView") > -1)) {//Checkout page, delivery details

            rewriteApi.add(function (buffer) { //t = 0.001250125
                buffer = buffer.replace(/(<a[^>]*?servlet\/MyAddress[^>]*?>)([\s\S]*?)(<)/i, function (m, g1, g2, g3) {
                    if (g1 && g2 && g3) {
                        return g1 + g2.replace(/\w/g, '-') + g3;
                    }
                    return m;
                });
                return buffer;
            });

        } else if (document.location.pathname && (document.location.pathname.indexOf("webapp/wcs/stores/servlet/OrderShippingBillingConfirmationView") > -1)) {//Checkout page, delivery details

            rewriteApi.add(function (buffer) { //Email to which the confirmation will be sent t = 0.000730073
                buffer = buffer.replace(/(emailed to[\s\S]+?)(<\/strong>)([\s\S]+?)(<\/p>)/i, function (m, g1, g2, g3, g4) {
                    if (g1 && g2 && g3 && g4) {
                        return g1 + g2 + g3.replace(/\w/g, '-') + g4;
                    }
                    return m;
                });
                return buffer;
            });

            rewriteApi.add(function (buffer) { //Order number t = 0.000420042
                buffer = buffer.replace(/(checkoutNumberConfirmation[\s\S]+?)(<strong>)([\s\S]+?)(<\/strong>)/i, function (m, g1, g2, g3, g4) {
                    if (g1 && g2 && g3 && g4) {
                        return g1 + g2 + g3.replace(/\w/g, '-') + g4;
                    }
                    return m;
                });
                return buffer;
            });

            rewriteApi.add(function (buffer) { //Delivery address t = 0.00070007
                buffer = buffer.replace(/(Delivery address[\s\S]+?)(<td>)([\s\S]+?)(<\/td>)/i, function (m, g1, g2, g3, g4) {
                    if (g1 && g2 && g3 && g4) {
                        return g1 + g2 + g3.replace(/\w/g, '-') + g4;
                    }
                    return m;
                });
                return buffer;
            });
            rewriteApi.add(function (buffer) { //order id  t = 0.000730073
                buffer = buffer.replace(/(<div[^>]*id="orderAmendRHSPanel"[^>]*>[\s\S]*?<a[^>]*onclick="[^"]*\/servlet\/OrderSummaryDisplay[^"]*[^>]*>)([\s\S]*?)(<\/a>)/i, function (m, g1, g2, g3) {
                    if (g1 && g2 && g3) {
                        return g1 + g2.replace(/\w/g, '-') + g3;
                    }
                    return m;
                });
                return buffer;
            });

        }
        // SAIS-7

        if (mobileFlagForReWriteRules) {
            if (document.location.href.indexOf('tustorefront/my-account') > -1) {
                rewriteApi.add({
                    pattern: /(class="addressHead">)([\s\S]*?)(<\/[\s\S]*?">)([\s\S]*?)(<\/div>)/i,
                    replace: '$1********$3********$5'
                });
                rewriteApi.add({
                    pattern: /(accountDeliveryName">)[\s\S]*?(<\/ul>)/gmi,
                    replace: '$1********<\/li><li>*****<\/li><li>*****<\/li><li>*****<\/li><li>*****<\/li>$2'
                });
            }
        }
        //My Account
        if (document.location.href.indexOf('https://tuclothing.sainsburys.co.uk/tustorefront/my-account') > -1) {
            // Works for Desktop+Mobile
            rewriteApi.add({
                pattern: /(class="feature-banner-text"[\s\S]*?<(h4|h2)>)([\s\S]*?)(<\/h)/i,
                replace: '$1********$4'
            });
            //Order details
            rewriteApi.add({
                pattern: /(<div class="stage[\s\S]*?<\/h3>)([\s\S]*?)(<\/div>)/gmi,
                replace: '$1********$3'
            });
            // For address book
            rewriteApi.add({
                pattern: /(id="address_book"[\s\S]+<th>)([\s\S]*?)(<\/th>[\s\S]*?<td>)([\s\S]*?)(<\/td>)/i,
                replace: '$1********$3*********$5'
            });

        } else if (document.location.href.indexOf('https://tuclothing.sainsburys.co.uk/tustorefront/checkout/multi/choose-delivery-method') > -1) {
            rewriteApi.add({
                pattern: /(<input id="continue"[\s\S]*?<td>)([\s\S]*?)(<\/td>)/gmi,
                replace: '$1********$3'
            });
        } else if (document.location.href.indexOf('tustorefront/checkout/multi/orderSummary') > -1) {
            rewriteApi.add({
                pattern: /(<p class="delivery-name">)([\s\S]*?)(<\/p>)/i,
                replace: '$1 ***,***, ***, ***, ***$3'
            });
        }
        rewriteApi.add({
            pattern: /(class="logged_in">Hello )[\s\S]*?(<\/li>)/gmi,
            replace: '$1********$3'
        });
    }
};

// End of user-defined pre WR code


window.ClickTalePrevOnReady = typeof window.ClickTaleOnReady == 'function' ? window.ClickTaleOnReady : void 0;

window.ClickTaleOnReady = function() {
	var PID=194, 
		Ratio=0.1, 
		PartitionPrefix="www16",
		SubsId=232923;
	
	if (window.navigator && window.navigator.loadPurpose === "preview") {
       return;
	};
		
	
	// Start of user-defined header code (PreInitialize)
	if (typeof ClickTaleSetAllSensitive === "function") {
    ClickTaleSetAllSensitive();
}

function isVisible(element){
    if(element){
        return (element.offsetWidth > 0 || element.offsetHeight > 0 || element.getClientRects().length > 0);
    } else return false;
}
window.ClickTaleSettings.PTC.InitFuncs = window.ClickTaleSettings.PTC.InitFuncs || [];
window.ClickTaleSettings.PTC.InitFuncs.push(function() {
    var pcc = document.querySelector('script[src*="clicktale"][src*="pcc"]');
    if (pcc) {
        var versionmatch = pcc.src.match(/DeploymentConfigName=(.+)/i);
        if (versionmatch && typeof ClickTaleExec === 'function') {
            ClickTaleExec("console.info('" + versionmatch[0] + "');");
            ClickTaleEvent("Config: " + versionmatch[1].replace(/\&.+/, ''));
        }
    }
});

function doUpload() {
    ClickTaleUploadPage();
    window.ClickTaleSSL = 1;
    ClickTale(PID, Ratio, PartitionPrefix);
    if ((typeof ClickTalePrevOnReady == 'function') && (ClickTaleOnReady.toString() != ClickTalePrevOnReady.toString())) {
        ClickTalePrevOnReady();
    }
}

function isReadyToRecord() {
    if (document.location.pathname === "/") {
        return isVisible(document.querySelectorAll('.slick-track')[0]);
    }
    else if(document.location.pathname === "/shop/gb/groceries"){
        return isVisible(document.querySelectorAll(".es-border-box")[0]);
    }
    return true;
}

function doOnlyWhen(toDoHandler, toCheckHandler, interval, times, failHandler) {
    if ((!toDoHandler) || (!toCheckHandler)) return;
    if (typeof interval == "undefined") interval = 1000;
    if (typeof times == "undefined") times = 20;
    if (--times < 0) {
        if (typeof failHandler === 'function') {
            failHandler();
        }
        return;
    }
    if (toCheckHandler()) {
        toDoHandler();
        return;
    }
    setTimeout(function () { doOnlyWhen(toDoHandler, toCheckHandler, interval, times, failHandler); }, interval);
};

if (typeof ClickTaleUploadPage === 'function' && window.ClickTaleSettings.PTC.UseTransport) {
    if(window.ClickTaleSettings.PTC.EnableChangeMonitor){
		if (typeof ClickTaleEvent === "function") {
					ClickTaleEvent("CM");
		}
	}
    doOnlyWhen(doUpload, isReadyToRecord, 300, 20, doUpload);
    var initFuncs = window.ClickTaleSettings.PTC.InitFuncs;
    for (var i = 0, initLen = initFuncs.length; i < initLen; i++) {
        if (typeof initFuncs[i] === 'function') {
            initFuncs[i]();
        }
    }
    return;
}

	// End of user-defined header code (PreInitialize)
    
	
	window.ClickTaleIncludedOnDOMReady=true;
	
	ClickTaleGlobal.init.isAllowed && ClickTale(PID, Ratio, PartitionPrefix, SubsId);
	
	if((typeof ClickTalePrevOnReady == 'function') && (ClickTaleOnReady.toString() != ClickTalePrevOnReady.toString()))
	{
    	ClickTalePrevOnReady();
	}
	
	
	// Start of user-defined footer code
	
	// End of user-defined footer code
	
}; 
(function() {
	var div = ClickTaleCreateDOMElement("div");
	div.id = "ClickTaleDiv";
	div.style.display = "none";
	document.body.appendChild(div);

	
	
	var wrScript = ClickTaleCreateDOMElement("script"),
		wrSrc = (document.location.protocol=='https:' ? 'https://cdnssl.clicktale.net/www/' : 'http://cdn.clicktale.net/www/') + 'tc/WR-latest.js';
	wrScript.src = (window.ClickTaleCDNHTTPSRewrite ? ClickTaleCDNHTTPSRewrite(wrSrc) : wrSrc);
	wrScript.type = 'text/javascript';
		wrScript.async = true;
		ClickTaleGlobal.init.isAllowed && document.body.appendChild(wrScript);
})();





!function(){function t(){window.addEventListener&&addEventListener("message",e,!1)}function e(t){var e,o=new RegExp("(clicktale.com|qa-core.app.clicktale.com)($|:)"),c=new RegExp("qa-core.app.clicktale.com"),i=!1,a=t.origin;try{e=JSON.parse(t.data)}catch(l){return}o.test(t.origin)!==!1&&(window.ct_ve_parent_window=t.source,c.test(t.origin)===!0&&(i=!0),"CTload_ve"===e["function"]&&"function"==typeof ClickTaleGetPID&&null!==ClickTaleGetPID()&&n(a,i))}function o(t){return document.createElementNS?document.createElementNS("http://www.w3.org/1999/xhtml",t):document.createElement(t)}function n(t,e){var n=o("script");n.setAttribute("type","text/javascript"),n.setAttribute("id","ctVisualEditorClientModule");var c;c=e?document.location.protocol+"//qa-core.app.clicktale.com/VisualEditor/Client/dist/veClientModule.js":document.location.protocol+"//"+t.match(/subs\d*/)[0]+".app.clicktale.com/VisualEditor/Client/dist/veClientModule.js",n.src=c,document.getElementById("ctVisualEditorClientModule")||document.body.appendChild(n)}try{var c=window.chrome,i=window.navigator&&window.navigator.vendor;null!==c&&void 0!==c&&"Google Inc."===i&&t()}catch(a){}}();</script><script type="text/javascript" src="http://cdn.clicktale.net/www16/pcc/5ea22b8e-c62f-443c-a41b-bb50b30c6fc6.js?DeploymentConfigName=Release_20170316&amp;Version=2"></script><script src="https://cdna.clicktale.net/www/tc/monitor-1.3.9.js" async="" type="text/javascript"></script><div id="ClickTaleDiv" style="display: none;"></div>
<script src="http://cdn.clicktale.net/www/tc/WR-latest.js" type="text/javascript" async=""></script><script src="http://cdn.clicktale.net/www/ChangeMonitor-latest.js"></script><iframe src="//reporting.sainsburys-online.com/cgi-bin/rr/blank.gif?nourl=www.sainsburys.co.uk/webapp/wcs/stores/servlet/gb/groceries/dairy/spreadable-butter--" height="0" width="0" style="display:none;"></iframe>
</body>
</html>
