<!DOCTYPE html>
<html class="js dj_webkit dj_safari dj_contentbox" xmlns:wairole="http://www.w3.org/2005/01/wai-rdf/GUIRoleTaxonomy#" xmlns:waistate="http://www.w3.org/2005/07/aaa" lang="en" xml:lang="en">
<!-- BEGIN CategoriesDisplay.jsp --><head>
<meta http-equiv="Content-Type" content="text/html; charset=UTF-8">
<title>By Sainsbury's | Sainsbury's</title>
<meta name="description" content="Buy By Sainsbury's online from Sainsbury's, the same great quality, freshness and choice you'd find in store. Choose from 1 hour delivery slots and collect Nectar points.">
<meta name="keyword" content="sainsburys soup">
<link rel="canonical" href="http://www.sainsburys.co.uk/shop/gb/groceries/food-cupboard/by-sainsburys">
<!-- BEGIN CommonCSSToInclude.jspf --><!--[if IE 8]>
    <link type="text/css" href="http://c1.sainsburys.co.uk/wcsstore7.20.1.145/SainsburysStorefrontAssetStore/css/main-ie8.min.css" rel="stylesheet" media="all" />
	<![endif]--><!--[if !IE 8]><!--><link type="text/css" href="http://c1.sainsburys.co.uk/wcsstore7.20.1.145/SainsburysStorefrontAssetStore/css/main.min.css" rel="stylesheet" media="all">
<!--<![endif]--><link type="text/css" href="http://c1.sainsburys.co.uk/wcsstore7.20.1.145/SainsburysStorefrontAssetStore/wcassets/groceries/css/espot.css" rel="stylesheet" media="all">
<link type="text/css" href="http://c1.sainsburys.co.uk/wcsstore7.20.1.145/SainsburysStorefrontAssetStore/css/print.css" rel="stylesheet" media="print">
<!-- END CommonCSSToInclude.jspf --><!-- BEGIN CommonJSToInclude.jspf --><meta name="CommerceSearch" content="storeId_10151">
<script type="text/javascript" src="http://www.ist-track.com/ContainerJavaScript.ashx?id=05B9FE83-74B1-43EB-B589-1CFE77B68E2C"></script><script type="text/javascript" src="http://tracker.marinsm.com/tracker/async/529av24112.js"></script><script type="text/javascript" src="https://www.googleadservices.com/pagead/conversion_async.js"></script><script type="text/javascript" src="https://connect.facebook.net/en_US/fbevents.js"></script><script type="text/javascript" src="//s.thebrighttag.com/tag?site=sp0XdVN&amp;H=-qusbvjy&amp;cf=645150%2C969119%2C1501197%2C3868479&amp;mode=v1"></script><script type="text/javascript" src="http://s.btstatic.com/BrightTag.jquery-1.5.1.js"></script><script type="text/javascript" src="//www.gstatic.com/attribution/collection/attributiontools.js"></script><script type="text/javascript" src="//s.btstatic.com/lib/0aa48296ca7b6182261af570d7367f790c666cd4.js?v=2"></script><script type="text/javascript" src="//s.btstatic.com/lib/32da0331f93c723a43b2e19faddf77b41f99d326.js?v=2"></script><script type="text/javascript" src="//s.btstatic.com/lib/0bf5d7aa6f82472c841c09fb805f6ccb726da921.js?v=2"></script><script type="text/javascript" src="//s.btstatic.com/lib/525a43d946bca9c8f07bfcc56a1feb3d26d65ccb.js?v=2"></script><script type="text/javascript" src="//s.thebrighttag.com/tag?site=sp0XdVN&amp;H=-qusbvjy"></script><script async="" src="//s.btstatic.com/tag.js#site=sp0XdVN"></script><script type="text/javascript" charset="utf-8" src="http://c1.sainsburys.co.uk/wcsstore7.20.1.145/SainsburysStorefrontAssetStore/js/dojo.1.7.1/dojo/fx/easing.js"></script><script type="text/javascript" charset="utf-8" src="http://c1.sainsburys.co.uk/wcsstore7.20.1.145/SainsburysStorefrontAssetStore/js/dojo.1.7.1/dojo/NodeList-traverse.js"></script><script type="text/javascript" charset="utf-8" src="http://c1.sainsburys.co.uk/wcsstore7.20.1.145/SainsburysStorefrontAssetStore/js/dojo.1.7.1/dojox/NodeList/delegate.js"></script><script type="text/javascript" charset="utf-8" src="http://c1.sainsburys.co.uk/wcsstore7.20.1.145/SainsburysStorefrontAssetStore/js/dojo.1.7.1/dojo/hash.js"></script><script type="text/javascript" charset="utf-8" src="http://c1.sainsburys.co.uk/wcsstore7.20.1.145/SainsburysStorefrontAssetStore/js/dojo.1.7.1/dojox/html/entities.js"></script><script type="text/javascript" charset="utf-8" src="http://c1.sainsburys.co.uk/wcsstore7.20.1.145/SainsburysStorefrontAssetStore/js/dojo.1.7.1/dojo/parser.js"></script><script type="text/javascript" charset="utf-8" src="http://c1.sainsburys.co.uk/wcsstore7.20.1.145/SainsburysStorefrontAssetStore/js/dojo.1.7.1/dijit/layout/AccordionContainer.js"></script><script type="text/javascript" charset="utf-8" src="http://c1.sainsburys.co.uk/wcsstore7.20.1.145/SainsburysStorefrontAssetStore/js/dojo.1.7.1/dijit/layout/ContentPane.js"></script><script type="text/javascript" charset="utf-8" src="http://c1.sainsburys.co.uk/wcsstore7.20.1.145/SainsburysStorefrontAssetStore/js/dojo.1.7.1/dojox/widget/AutoRotator.js"></script><script type="text/javascript" charset="utf-8" src="http://c1.sainsburys.co.uk/wcsstore7.20.1.145/SainsburysStorefrontAssetStore/js/dojo.1.7.1/dojox/widget/rotator/Fade.js"></script><script type="text/javascript" charset="utf-8" src="http://c1.sainsburys.co.uk/wcsstore7.20.1.145/SainsburysStorefrontAssetStore/js/dojo.1.7.1/dojo/fx.js"></script><script type="text/javascript" charset="utf-8" src="http://c1.sainsburys.co.uk/wcsstore7.20.1.145/SainsburysStorefrontAssetStore/js/dojo.1.7.1/dojo/_base/url.js"></script><script type="text/javascript" charset="utf-8" src="http://c1.sainsburys.co.uk/wcsstore7.20.1.145/SainsburysStorefrontAssetStore/js/dojo.1.7.1/dojo/date/stamp.js"></script><script type="text/javascript" charset="utf-8" src="http://c1.sainsburys.co.uk/wcsstore7.20.1.145/SainsburysStorefrontAssetStore/js/dojo.1.7.1/dijit/focus.js"></script><script type="text/javascript" charset="utf-8" src="http://c1.sainsburys.co.uk/wcsstore7.20.1.145/SainsburysStorefrontAssetStore/js/dojo.1.7.1/dijit/_base/manager.js"></script><script type="text/javascript" charset="utf-8" src="http://c1.sainsburys.co.uk/wcsstore7.20.1.145/SainsburysStorefrontAssetStore/js/dojo.1.7.1/dijit/_Widget.js"></script><script type="text/javascript" charset="utf-8" src="http://c1.sainsburys.co.uk/wcsstore7.20.1.145/SainsburysStorefrontAssetStore/js/dojo.1.7.1/dijit/_Container.js"></script><script type="text/javascript" charset="utf-8" src="http://c1.sainsburys.co.uk/wcsstore7.20.1.145/SainsburysStorefrontAssetStore/js/dojo.1.7.1/dijit/_TemplatedMixin.js"></script><script type="text/javascript" charset="utf-8" src="http://c1.sainsburys.co.uk/wcsstore7.20.1.145/SainsburysStorefrontAssetStore/js/dojo.1.7.1/dijit/_CssStateMixin.js"></script><script type="text/javascript" charset="utf-8" src="http://c1.sainsburys.co.uk/wcsstore7.20.1.145/SainsburysStorefrontAssetStore/js/dojo.1.7.1/dijit/layout/StackContainer.js"></script><script type="text/javascript" charset="utf-8" src="http://c1.sainsburys.co.uk/wcsstore7.20.1.145/SainsburysStorefrontAssetStore/js/dojo.1.7.1/dojo/text.js"></script><script type="text/javascript" charset="utf-8" src="http://c1.sainsburys.co.uk/wcsstore7.20.1.145/SainsburysStorefrontAssetStore/js/dojo.1.7.1/dijit/layout/_ContentPaneResizeMixin.js"></script><script type="text/javascript" charset="utf-8" src="http://c1.sainsburys.co.uk/wcsstore7.20.1.145/SainsburysStorefrontAssetStore/js/dojo.1.7.1/dojo/string.js"></script><script type="text/javascript" charset="utf-8" src="http://c1.sainsburys.co.uk/wcsstore7.20.1.145/SainsburysStorefrontAssetStore/js/dojo.1.7.1/dojo/html.js"></script><script type="text/javascript" charset="utf-8" src="http://c1.sainsburys.co.uk/wcsstore7.20.1.145/SainsburysStorefrontAssetStore/js/dojo.1.7.1/dojo/i18n.js"></script><script type="text/javascript" charset="utf-8" src="http://c1.sainsburys.co.uk/wcsstore7.20.1.145/SainsburysStorefrontAssetStore/js/dojo.1.7.1/dijit/main.js"></script><script type="text/javascript" charset="utf-8" src="http://c1.sainsburys.co.uk/wcsstore7.20.1.145/SainsburysStorefrontAssetStore/js/dojo.1.7.1/dojox/main.js"></script><script type="text/javascript" charset="utf-8" src="http://c1.sainsburys.co.uk/wcsstore7.20.1.145/SainsburysStorefrontAssetStore/js/dojo.1.7.1/dojo/require.js"></script><script type="text/javascript" charset="utf-8" src="http://c1.sainsburys.co.uk/wcsstore7.20.1.145/SainsburysStorefrontAssetStore/js/dojo.1.7.1/dojo/Stateful.js"></script><script type="text/javascript" charset="utf-8" src="http://c1.sainsburys.co.uk/wcsstore7.20.1.145/SainsburysStorefrontAssetStore/js/dojo.1.7.1/dojo/window.js"></script><script type="text/javascript" charset="utf-8" src="http://c1.sainsburys.co.uk/wcsstore7.20.1.145/SainsburysStorefrontAssetStore/js/dojo.1.7.1/dijit/a11y.js"></script><script type="text/javascript" charset="utf-8" src="http://c1.sainsburys.co.uk/wcsstore7.20.1.145/SainsburysStorefrontAssetStore/js/dojo.1.7.1/dijit/registry.js"></script><script type="text/javascript" charset="utf-8" src="http://c1.sainsburys.co.uk/wcsstore7.20.1.145/SainsburysStorefrontAssetStore/js/dojo.1.7.1/dijit/_WidgetBase.js"></script><script type="text/javascript" charset="utf-8" src="http://c1.sainsburys.co.uk/wcsstore7.20.1.145/SainsburysStorefrontAssetStore/js/dojo.1.7.1/dijit/_OnDijitClickMixin.js"></script><script type="text/javascript" charset="utf-8" src="http://c1.sainsburys.co.uk/wcsstore7.20.1.145/SainsburysStorefrontAssetStore/js/dojo.1.7.1/dijit/_FocusMixin.js"></script><script type="text/javascript" charset="utf-8" src="http://c1.sainsburys.co.uk/wcsstore7.20.1.145/SainsburysStorefrontAssetStore/js/dojo.1.7.1/dojo/uacss.js"></script><script type="text/javascript" charset="utf-8" src="http://c1.sainsburys.co.uk/wcsstore7.20.1.145/SainsburysStorefrontAssetStore/js/dojo.1.7.1/dijit/hccss.js"></script><script type="text/javascript" charset="utf-8" src="http://c1.sainsburys.co.uk/wcsstore7.20.1.145/SainsburysStorefrontAssetStore/js/dojo.1.7.1/dojo/touch.js"></script><script type="text/javascript" charset="utf-8" src="http://c1.sainsburys.co.uk/wcsstore7.20.1.145/SainsburysStorefrontAssetStore/js/dojo.1.7.1/dojo/cache.js"></script><script type="text/javascript" charset="utf-8" src="http://c1.sainsburys.co.uk/wcsstore7.20.1.145/SainsburysStorefrontAssetStore/js/dojo.1.7.1/dojo/cookie.js"></script><script type="text/javascript" charset="utf-8" src="http://c1.sainsburys.co.uk/wcsstore7.20.1.145/SainsburysStorefrontAssetStore/js/dojo.1.7.1/dijit/layout/_LayoutWidget.js"></script><script type="text/javascript" charset="utf-8" src="http://c1.sainsburys.co.uk/wcsstore7.20.1.145/SainsburysStorefrontAssetStore/js/dojo.1.7.1/dijit/layout/utils.js"></script><script type="text/javascript" charset="utf-8" src="http://c1.sainsburys.co.uk/wcsstore7.20.1.145/SainsburysStorefrontAssetStore/js/dojo.1.7.1/dijit/_Contained.js"></script><script type="text/javascript" charset="utf-8" src="http://c1.sainsburys.co.uk/wcsstore7.20.1.145/SainsburysStorefrontAssetStore/js/dojo.1.7.1/dijit/nls/loading.js"></script><script type="text/javascript" charset="utf-8" src="http://c1.sainsburys.co.uk/wcsstore7.20.1.145/SainsburysStorefrontAssetStore/js/dojo.1.7.1/dijit/nls/common.js"></script><script type="text/javascript" charset="utf-8" src="http://c1.sainsburys.co.uk/wcsstore7.20.1.145/SainsburysStorefrontAssetStore/js/dojo.1.7.1/dojox/widget/Rotator.js"></script><script type="text/javascript" charset="utf-8" src="http://c1.sainsburys.co.uk/wcsstore7.20.1.145/SainsburysStorefrontAssetStore/js/dojo.1.7.1/dojo/regexp.js"></script><script type="text/javascript" charset="utf-8" src="http://c1.sainsburys.co.uk/wcsstore7.20.1.145/SainsburysStorefrontAssetStore/js/dojo.1.7.1/dojo/fx/Toggler.js"></script><script type="text/javascript" charset="utf-8" src="http://c1.sainsburys.co.uk/wcsstore7.20.1.145/SainsburysStorefrontAssetStore/js/dojo.1.7.1/dijit/_base.js"></script><script type="text/javascript" charset="utf-8" src="http://c1.sainsburys.co.uk/wcsstore7.20.1.145/SainsburysStorefrontAssetStore/js/dojo.1.7.1/dijit/WidgetSet.js"></script><script type="text/javascript" charset="utf-8" src="http://c1.sainsburys.co.uk/wcsstore7.20.1.145/SainsburysStorefrontAssetStore/js/dojo.1.7.1/dijit/_base/focus.js"></script><script type="text/javascript" charset="utf-8" src="http://c1.sainsburys.co.uk/wcsstore7.20.1.145/SainsburysStorefrontAssetStore/js/dojo.1.7.1/dijit/_base/place.js"></script><script type="text/javascript" charset="utf-8" src="http://c1.sainsburys.co.uk/wcsstore7.20.1.145/SainsburysStorefrontAssetStore/js/dojo.1.7.1/dijit/_base/popup.js"></script><script type="text/javascript" charset="utf-8" src="http://c1.sainsburys.co.uk/wcsstore7.20.1.145/SainsburysStorefrontAssetStore/js/dojo.1.7.1/dijit/_base/scroll.js"></script><script type="text/javascript" charset="utf-8" src="http://c1.sainsburys.co.uk/wcsstore7.20.1.145/SainsburysStorefrontAssetStore/js/dojo.1.7.1/dijit/_base/sniff.js"></script><script type="text/javascript" charset="utf-8" src="http://c1.sainsburys.co.uk/wcsstore7.20.1.145/SainsburysStorefrontAssetStore/js/dojo.1.7.1/dijit/_base/typematic.js"></script><script type="text/javascript" charset="utf-8" src="http://c1.sainsburys.co.uk/wcsstore7.20.1.145/SainsburysStorefrontAssetStore/js/dojo.1.7.1/dijit/_base/wai.js"></script><script type="text/javascript" charset="utf-8" src="http://c1.sainsburys.co.uk/wcsstore7.20.1.145/SainsburysStorefrontAssetStore/js/dojo.1.7.1/dijit/_base/window.js"></script><script type="text/javascript" charset="utf-8" src="http://c1.sainsburys.co.uk/wcsstore7.20.1.145/SainsburysStorefrontAssetStore/js/dojo.1.7.1/dijit/place.js"></script><script type="text/javascript" charset="utf-8" src="http://c1.sainsburys.co.uk/wcsstore7.20.1.145/SainsburysStorefrontAssetStore/js/dojo.1.7.1/dijit/popup.js"></script><script type="text/javascript" charset="utf-8" src="http://c1.sainsburys.co.uk/wcsstore7.20.1.145/SainsburysStorefrontAssetStore/js/dojo.1.7.1/dijit/BackgroundIframe.js"></script><script type="text/javascript" charset="utf-8" src="http://c1.sainsburys.co.uk/wcsstore7.20.1.145/SainsburysStorefrontAssetStore/js/dojo.1.7.1/dijit/typematic.js"></script><script type="text/javascript" charset="utf-8" src="http://c1.sainsburys.co.uk/wcsstore7.20.1.145/SainsburysStorefrontAssetStore/js/dojo.1.7.1/dijit/layout/StackController.js"></script><script type="text/javascript" charset="utf-8" src="http://c1.sainsburys.co.uk/wcsstore7.20.1.145/SainsburysStorefrontAssetStore/js/dojo.1.7.1/dijit/form/ToggleButton.js"></script><script type="text/javascript" charset="utf-8" src="http://c1.sainsburys.co.uk/wcsstore7.20.1.145/SainsburysStorefrontAssetStore/js/dojo.1.7.1/dijit/form/Button.js"></script><script type="text/javascript" charset="utf-8" src="http://c1.sainsburys.co.uk/wcsstore7.20.1.145/SainsburysStorefrontAssetStore/js/dojo.1.7.1/dijit/form/_ToggleButtonMixin.js"></script><script type="text/javascript" charset="utf-8" src="http://c1.sainsburys.co.uk/wcsstore7.20.1.145/SainsburysStorefrontAssetStore/js/dojo.1.7.1/dijit/form/_FormWidget.js"></script><script type="text/javascript" charset="utf-8" src="http://c1.sainsburys.co.uk/wcsstore7.20.1.145/SainsburysStorefrontAssetStore/js/dojo.1.7.1/dijit/form/_ButtonMixin.js"></script><script type="text/javascript" charset="utf-8" src="http://c1.sainsburys.co.uk/wcsstore7.20.1.145/SainsburysStorefrontAssetStore/js/dojo.1.7.1/dijit/form/_FormWidgetMixin.js"></script><script type="text/javascript" charset="utf-8" src="http://c1.sainsburys.co.uk/wcsstore7.20.1.145/SainsburysStorefrontAssetStore/js/dojo.1.7.1/dijit/layout/AccordionPane.js"></script><script type="text/javascript" charset="utf-8" src="http://c1.sainsburys.co.uk/wcsstore7.20.1.145/SainsburysStorefrontAssetStore/js/dojo.1.7.1/dijit/form/_FormValueWidget.js"></script><script type="text/javascript" charset="utf-8" src="http://c1.sainsburys.co.uk/wcsstore7.20.1.145/SainsburysStorefrontAssetStore/js/dojo.1.7.1/dijit/form/_FormValueMixin.js"></script><script type="text/javascript" charset="utf-8" src="http://c1.sainsburys.co.uk/wcsstore7.20.1.145/SainsburysStorefrontAssetStore/js/dojo.1.7.1/dijit/form/DropDownButton.js"></script><script type="text/javascript" charset="utf-8" src="http://c1.sainsburys.co.uk/wcsstore7.20.1.145/SainsburysStorefrontAssetStore/js/dojo.1.7.1/dijit/form/ComboButton.js"></script><script type="text/javascript" charset="utf-8" src="http://c1.sainsburys.co.uk/wcsstore7.20.1.145/SainsburysStorefrontAssetStore/js/dojo.1.7.1/dijit/_HasDropDown.js"></script><script type="text/javascript">  
    var _deliverySlotInfo = {                          
            expiryDateTime: '',
            currentDateTime: 'March 20,2017 08:25:26',
            ajaxCountDownUrl: 'CountdownDisplayView?langId=44&amp;storeId=10151',
            ajaxExpiredUrl: 'DeliverySlotExpiredDisplayView?langId=44&amp;storeId=10151&amp;currentPageUrl=http%3a%2f%2fwww.sainsburys.co.uk%2fwebapp%2fwcs%2fstores%2fservlet%2fCategoryDisplay%3fmsg%3d%26langId%3d44%26storeId%3d10151%26krypto%3ddWRBEruPqAfbVyAqf1RFlIRbFBNh1P3L1cpaRI7ENFt%252FNTfEPCN1eEciR3ynWr3XBSzviVwUDbrjFfBvxPX5AY669CVYyRJYq%252FUKhjkyBwm7A8JbQdXyGogMwMKAT8EFeRuhFOt3YxLgIkPF9MBMUHU3R5B29wmqXOeee4Ntg7Q%253D%26ddkey%3dhttp%253Agb%252Fgroceries%252Ffood-cupboard%252Fby-sainsburys&amp;AJAXCall=true'
        }
    var _amendOrderSlotInfo = {                          
            expiryDateTime: '',
            currentDateTime: 'March 20,2017 08:25:26',
            ajaxAmendOrderExpiryUrl: 'AjaxOrderAmendSlotExpiryView?langId=44&amp;storeId=10151&amp;currentPageUrl=http%3a%2f%2fwww.sainsburys.co.uk%2fwebapp%2fwcs%2fstores%2fservlet%2fCategoryDisplay%3fmsg%3d%26langId%3d44%26storeId%3d10151%26krypto%3ddWRBEruPqAfbVyAqf1RFlIRbFBNh1P3L1cpaRI7ENFt%252FNTfEPCN1eEciR3ynWr3XBSzviVwUDbrjFfBvxPX5AY669CVYyRJYq%252FUKhjkyBwm7A8JbQdXyGogMwMKAT8EFeRuhFOt3YxLgIkPF9MBMUHU3R5B29wmqXOeee4Ntg7Q%253D%26ddkey%3dhttp%253Agb%252Fgroceries%252Ffood-cupboard%252Fby-sainsburys'
        }    
    var _commonPageInfo = {
        currentUrl: 'http://www.sainsburys.co.uk/webapp/wcs/stores/servlet/CategoryDisplay?msg=&amp;langId=44&amp;storeId=10151&amp;krypto=dWRBEruPqAfbVyAqf1RFlIRbFBNh1P3L1cpaRI7ENFt%2FNTfEPCN1eEciR3ynWr3XBSzviVwUDbrjFfBvxPX5AY669CVYyRJYq%2FUKhjkyBwm7A8JbQdXyGogMwMKAT8EFeRuhFOt3YxLgIkPF9MBMUHU3R5B29wmqXOeee4Ntg7Q%3D&amp;ddkey=http%3Agb%2Fgroceries%2Ffood-cupboard%2Fby-sainsburys',
        storeId: '10151',
        langId: '44'
    }
</script><script type="text/javascript">
	    var _rhsCheckPostCodeRuleset = {                          
	          postCode: {
	                isEmpty: {
	                      param: true,
	                      text: 'Sorry, we couldn&#39;t recognise that postcode. Please try again.',
	                      msgPlacement: "#checkPostCodePanel #Rhs_checkPostCode .field",
	                      elemToAddErrorClassTo: "#checkPostCodePanel #Rhs_checkPostCode .field"
	                },
	                minLength: {
	                      param: 5,
	                      text: 'Sorry, this entry must be at least 5 characters long.',
	                      msgPlacement: "#checkPostCodePanel #Rhs_checkPostCode .field",
	                      elemToAddErrorClassTo: "#checkPostCodePanel #Rhs_checkPostCode .field"
	                },
	                isPostcode: {
	                      param: true,
	                      text: 'Sorry, we couldn&#39;t recognise that postcode. Please try again.',
	                      msgPlacement: "#checkPostCodePanel #Rhs_checkPostCode .field",
	                      elemToAddErrorClassTo: "#checkPostCodePanel #Rhs_checkPostCode .field"
	                }
	          }
	    }
	    </script><script type="text/javascript">
      var typeAheadTrigger = 2;
</script><script type="text/javascript" data-dojo-config="isDebug: false, useCommentedJson: true,locale: 'en-gb', parseOnLoad: true, dojoBlankHtmlUrl:'/wcsstore/SainsburysStorefrontAssetStore/js/dojo.1.7.1/blank.html'" src="http://c1.sainsburys.co.uk/wcsstore7.20.1.145/SainsburysStorefrontAssetStore/js/dojo.1.7.1/dojo/dojo.js"></script><script type="text/javascript">"undefined"==typeof digitalData&&(digitalData={event:[]}),digitalData.event.push=function(){for(var t=0,e=arguments.length;e>t;t++)this[this.length]=arguments[t];var n="s_"+arguments[0].eventInfo.eventName;if(void 0!=n){var a=null;try{a=new Event(n,{bubbles:!0,cancelable:!1})}catch(i){a=document.createEvent("Event"),a.initEvent(n,!0,!1)}document.addEventListener?document.addEventListener(n,function(t){},!1):document.attachEvent(n,function(t){}),document.dispatchEvent(a)}return this.length};</script><script type="text/javascript" src="http://c1.sainsburys.co.uk/wcsstore7.20.1.145/SainsburysStorefrontAssetStore/js/sainsburys.js"></script><script type="text/javascript">require(["dojo/parser", "dijit/layout/AccordionContainer", "dijit/layout/ContentPane", "dojox/widget/AutoRotator", "dojox/widget/rotator/Fade"]);</script><script type="text/javascript" src="http://c1.sainsburys.co.uk/wcsstore7.20.1.145/SainsburysStorefrontAssetStore/wcassets/groceries/scripts/page/faq.js"></script><script type="text/javascript">if (self === top) {var antiCJ = document.getElementById("antiCJ");antiCJ.parentNode.removeChild(antiCJ);} else {top.location = self.location;}</script><!-- Maxymiser script start --><script type="text/javascript" src="//service.maxymiser.net/cdn/sainsburyscoUK/js/mmcore.js">
</script><!-- Maxymiser script end --><!-- END CommonJSToInclude.jspf -->
</head>
<body id="shelfPage" class="shelfPage floatingHeader">
<div class="hidden overlayBox" id="overlayBox" role="dialog"></div>
<div class="hidden pageOverlay" id="pageOverlay"></div>
<div id="autoCompleteList" class="autoCompleteList jsAccess" style="top: 82px; left: 790px;"></div>
<div class="hidden overlayBox" id="overlayBox" role="dialog"></div>
<div class="hidden pageOverlay" id="pageOverlay"></div>
<div id="page" style="padding-top: 169px;">
    <!-- BEGIN StoreCommonUtilities.jspf --><!-- END StoreCommonUtilities.jspf --><!-- Header Nav Start --><!-- BEGIN LayoutContainerTop.jspf --><!-- BEGIN HeaderDisplay.jspf --><!-- BEGIN CachedHeaderDisplay.jsp -->

<ul id="skipLinks">
<li><a href="#content">Skip to main content</a></li>
    <li><a href="#groceriesNav">Skip to groceries navigation menu</a></li>
    
</ul>
<div id="globalHeaderContainer">
    <div class="header globalHeader" id="globalHeader">
        <div class="globalNav">
	<ul>
<li>
			<a href="http://www.sainsburys.co.uk">
			    <span class="moreSainsburysIcon"></span>
                Explore more at Sainsburys.co.uk 
			</a>
		</li>
		<li>
			<a href="http://help.sainsburys.co.uk" rel="external">
			    <span class="helpCenterIcon"></span>
                Help Centre 
			<span class="access"> (opens in a new window/tab)</span></a>
		</li>
		<li>
			<a href="http://stores.sainsburys.co.uk" rel="external">
			    <span class="storeLocatorIcon"></span>
                Store Locator 
			<span class="access"> (opens in a new window/tab)</span></a>
		</li>
		<li class="loginRegister">
			 
				    
					<a href="https://www.sainsburys.co.uk/shop/LogonView?catalogId=10241&amp;logonCallerId=LogonButton&amp;langId=44&amp;storeId=10151&amp;URL=https%3A%2F%2Fwww.sainsburys.co.uk%2Fshop%2FMyAccount%3FlangId%3D44%26storeId%3D10151">
						<span class="userIcon"></span>
                        Log in / Register 
					</a>
				
		</li>
	</ul>
</div>

	    <div class="globalHeaderLogoSearch">
	        <!-- BEGIN LogoSearchNavBar.jspf -->

<a href="http://www.sainsburys.co.uk/shop/gb/groceries" class="mainLogo"><img src="/wcsstore/SainsburysStorefrontAssetStore/img/logo.png" alt="Sainsbury's"></a>
<div class="searchBox" role="search">
    

    <form name="sol_search" method="get" action="SearchDisplay" id="globalSearchForm">

        <input type="hidden" name="viewTaskName" value="CategoryDisplayView"><input type="hidden" name="recipesSearch" value="true"><input type="hidden" name="orderBy" value="RELEVANCE"><input type="hidden" name="favouritesSelection" value="0"><input type="hidden" name="langId" value="44"><input type="hidden" name="pageSize" value="100"><input type="hidden" name="storeId" value="10151"><label for="search" class="access">Search for products</label>
        <input type="search" name="searchTerm" id="search" maxlength="150" value="" autocomplete="off" placeholder="Search products"><button type="button" id="clearSearch" class="clearSearch hidden">Clear the search field</button>
        <input type="submit" name="searchSubmit" id="searchSubmit" value="Search">
</form>

    <a class="findProduct" href="http://www.sainsburys.co.uk/shop/ShoppingListDisplay?catalogId=10241&amp;action=ShoppingListDisplay&amp;urlLangId=&amp;langId=44&amp;storeId=10151">Search for multiple products</a>
    <!-- ul class="searchNav">
        <li class="shoppingListLink"><a href="http://www.sainsburys.co.uk/shop/ShoppingListDisplay?catalogId=10241&action=ShoppingListDisplay&urlLangId=&langId=44&storeId=10151">Find a list of products</a></li>
        <li><a href="http://stores.sainsburys.co.uk">Store Locator</a></li>
        <li><a href="https://www.sainsburys.co.uk/shop/MyAccount?langId=44&amp;storeId=10151">My Account</a></li>
        
                 <li><a href="https://www.sainsburys.co.uk/shop/QuickRegistrationFormView?catalogId=10241&amp;langId=44&amp;storeId=10151" >Register</a></li>
        
    </ul-->

</div>
<!-- END LogoSearchNavBar.jspf -->
        </div>
        <div id="groceriesNav" class="groceriesNav">
            <ul class="mainNav">
<li>
                    
                            <a class="active" href="http://www.sainsburys.co.uk/shop/gb/groceries"><strong>Groceries</strong></a>
                        
                </li>
                <li>
                    
	                           <a href="http://www.sainsburys.co.uk/shop/gb/groceries/favourites">Favourites</a>
	                        
                </li>
                <li>
                    
                          <a href="http://www.sainsburys.co.uk/shop/gb/groceries/great-offers">Great Prices</a>
                        
                </li>
                <li>
                    
                           <a href="http://www.sainsburys.co.uk/shop/gb/groceries/discover">Discover</a>
                        
                </li>
                
                <li>
                    
                           <a href="http://recipes.sainsburys.co.uk">Recipes</a>
                        
                </li>
                
            </ul>
<hr>
<p class="access">Groceries Categories</p>
                    
                    <div class="subNav">
                        <ul>
<li>
                                    
                                            <a href="http://www.sainsburys.co.uk/shop/gb/groceries/easter">Easter</a>
                                         
                                   </li>
                              
                                <li>
                                    
                                            <a href="http://www.sainsburys.co.uk/shop/gb/groceries/fruit-veg">Fruit &amp; veg</a>
                                         
                                   </li>
                              
                                <li>
                                    
                                            <a href="http://www.sainsburys.co.uk/shop/gb/groceries/meat-fish">Meat &amp; fish</a>
                                         
                                   </li>
                              
                                <li>
                                    
                                            <a href="http://www.sainsburys.co.uk/shop/gb/groceries/dairy">Dairy</a>
                                         
                                   </li>
                              
                                <li>
                                    
                                            <a href="http://www.sainsburys.co.uk/shop/gb/groceries/chilled-">Chilled</a>
                                         
                                   </li>
                              
                                <li>
                                    
                                            <a href="http://www.sainsburys.co.uk/shop/gb/groceries/bakery">Bakery</a>
                                         
                                   </li>
                              
                                <li>
                                    
                                            <a href="http://www.sainsburys.co.uk/shop/gb/groceries/frozen-">Frozen</a>
                                         
                                   </li>
                              
                                <li>
                                    
                                            <a class="active" href="http://www.sainsburys.co.uk/shop/gb/groceries/food-cupboard"><strong>Food cupboard</strong></a>
                                             
                                   </li>
                              
                                <li>
                                    
                                            <a href="http://www.sainsburys.co.uk/shop/gb/groceries/drinks">Drinks</a>
                                         
                                   </li>
                              
                                <li>
                                    
                                            <a href="http://www.sainsburys.co.uk/shop/gb/groceries/health-beauty">Health &amp; beauty</a>
                                         
                                   </li>
                              
                                <li>
                                    
                                            <a href="http://www.sainsburys.co.uk/shop/gb/groceries/baby">Baby</a>
                                         
                                   </li>
                              
                                <li>
                                    
                                            <a href="http://www.sainsburys.co.uk/shop/gb/groceries/household">Household</a>
                                         
                                   </li>
                              
                                <li>
                                    
                                            <a href="http://www.sainsburys.co.uk/shop/gb/groceries/pet">Pet</a>
                                         
                                   </li>
                              
                                <li>
                                    
                                            <a href="http://www.sainsburys.co.uk/shop/gb/groceries/home">Home</a>
                                         
                                   </li>
                              
                        </ul>
</div>
                
        </div>    
    </div>
</div>
<!-- Generated on: Mon Mar 20 08:25:26 GMT 2017  -->
<!-- END CachedHeaderDisplay.jsp --><!-- END HeaderDisplay.jspf --><!-- END LayoutContainerTop.jspf --><!-- Header Nav End --><!-- Main Area Start -->
    <div id="main">
        <!-- Content Start -->
        <div class="article" id="content">
            <!--  START BreadCrumbTrailDisplay.jsp -->
                  <div class="nav breadcrumb" id="breadcrumbNav">
                    <p class="access">You are here:</p>  
                    <ul id="breadcrumbNavList">
<li class="first">
<span class="corner"></span><a href="http://www.sainsburys.co.uk/shop/gb/groceries/food-cupboard"><span>Food cupboard</span></a>
    
        <span class="arrow"></span>
    
    <div>
        <p>Select an option:</p>
        <ul>
<li><a href="http://www.sainsburys.co.uk/shop/gb/groceries/food-cupboard/easter-eggs---treats">Easter top picks</a></li>
            
                <li><a href="http://www.sainsburys.co.uk/shop/gb/groceries/food-cupboard/canned-tinned-packaged-foods">Canned, tinned &amp; packaged foods</a></li>
            
                <li><a href="http://www.sainsburys.co.uk/shop/gb/groceries/food-cupboard/breakfast-cereals">Breakfast cereals</a></li>
            
                <li><a href="http://www.sainsburys.co.uk/shop/gb/groceries/food-cupboard/biscuits-crackers">Biscuits &amp; crackers</a></li>
            
                <li><a href="http://www.sainsburys.co.uk/shop/gb/groceries/food-cupboard/crisps-nuts-snacking-fruit">Crisps, nuts &amp; snacking fruit</a></li>
            
                <li><a href="http://www.sainsburys.co.uk/shop/gb/groceries/food-cupboard/confectionery">Confectionery</a></li>
            
                <li><a href="http://www.sainsburys.co.uk/shop/gb/groceries/food-cupboard/rice-pasta-noodles">Rice, pasta &amp; noodles</a></li>
            
                <li><a href="http://www.sainsburys.co.uk/shop/gb/groceries/food-cupboard/cooking-sauces-world-foods">Cooking sauces &amp; meal kits</a></li>
            
                <li><a href="http://www.sainsburys.co.uk/shop/gb/groceries/food-cupboard/sugar-home-baking">Sugar &amp; home baking</a></li>
            
                <li><a href="http://www.sainsburys.co.uk/shop/gb/groceries/food-cupboard/cooking-ingredients-oils">Cooking ingredients &amp; oils</a></li>
            
                <li><a href="http://www.sainsburys.co.uk/shop/gb/groceries/food-cupboard/table-sauces-dressings-condiments">Table sauces, dressings &amp; condiments</a></li>
            
                <li><a href="http://www.sainsburys.co.uk/shop/gb/groceries/food-cupboard/jams-honey-spreads">Jams, honey &amp; spreads</a></li>
            
                <li><a href="http://www.sainsburys.co.uk/shop/gb/groceries/food-cupboard/fruit-desserts">Fruit &amp; desserts</a></li>
            
                <li><a href="http://www.sainsburys.co.uk/shop/gb/groceries/food-cupboard/foodcupboard-freefrom">Freefrom</a></li>
            
                <li><a href="http://www.sainsburys.co.uk/shop/gb/groceries/food-cupboard/world-foods">World Foods</a></li>
            
                <li><a href="http://www.sainsburys.co.uk/shop/gb/groceries/food-cupboard/tea--coffee---hot-drinks">Tea, coffee &amp; hot drinks</a></li>
            
        </ul>
</div>
</li>

            <li class="second">
<a href="http://www.sainsburys.co.uk/shop/gb/groceries/food-cupboard/soups"><span>Canned, tinned &amp; packaged foods</span></a> <span class="arrow"></span>
                <div>
                    <p>Select an option:</p>
                    <ul>
<li><a href="http://www.sainsburys.co.uk/shop/gb/groceries/food-cupboard/soups">Soups</a></li>
                        
                            <li><a href="http://www.sainsburys.co.uk/shop/gb/groceries/food-cupboard/baked-beans-canned-pasta">Baked beans &amp; canned pasta</a></li>
                        
                            <li><a href="http://www.sainsburys.co.uk/shop/gb/groceries/food-cupboard/fish-">Fish</a></li>
                        
                            <li><a href="http://www.sainsburys.co.uk/shop/gb/groceries/food-cupboard/canned-tinned-packaged-tomatoes">Tomatoes</a></li>
                        
                            <li><a href="http://www.sainsburys.co.uk/shop/gb/groceries/food-cupboard/canned-tinned-packaged-vegetables">Vegetables</a></li>
                        
                            <li><a href="http://www.sainsburys.co.uk/shop/gb/groceries/food-cupboard/pulses-beans">Pulses &amp; beans</a></li>
                        
                            <li><a href="http://www.sainsburys.co.uk/shop/gb/groceries/food-cupboard/canned-tinned-packaged-fruit">Fruit</a></li>
                        
                            <li><a href="http://www.sainsburys.co.uk/shop/gb/groceries/food-cupboard/cold-meat">Cold meat</a></li>
                        
                            <li><a href="http://www.sainsburys.co.uk/shop/gb/groceries/food-cupboard/canned-tinned-packaged-hot-meat-meals">Hot meat &amp; meals</a></li>
                        
                            <li><a href="http://www.sainsburys.co.uk/shop/gb/groceries/food-cupboard/olives---antipasti">Olives &amp; antipasti</a></li>
                        
                            <li><a href="http://www.sainsburys.co.uk/shop/gb/groceries/food-cupboard/pickled-food-208345-44">Pickled food</a></li>
                        
                            <li><a href="http://www.sainsburys.co.uk/shop/gb/groceries/food-cupboard/canned-tinned-packaged-vegetarian">Vegetarian</a></li>
                        
                            <li><a href="http://www.sainsburys.co.uk/shop/gb/groceries/food-cupboard/canned-tinned-packaged-foods-special-offers">Special offers</a></li>
                        
                    </ul>
</div>
            </li>
        
            <li class="third">
<a href="http://www.sainsburys.co.uk/shop/gb/groceries/food-cupboard/soups"><span>Soups</span></a> <span class="arrow"></span>
                <div>
                <p>Select an option:</p>
                    <ul>
<li><a href="http://www.sainsburys.co.uk/shop/gb/groceries/food-cupboard/all-304870-44">All</a></li>
                        
                            <li><a href="http://www.sainsburys.co.uk/shop/gb/groceries/food-cupboard/all-283801-44">Top sellers</a></li>
                        
                            <li><a href="http://www.sainsburys.co.uk/shop/gb/groceries/food-cupboard/multipacks-288305-44">Multipacks</a></li>
                        
                            <li><a href="http://www.sainsburys.co.uk/shop/gb/groceries/food-cupboard/traditional-283802-44">Traditional</a></li>
                        
                            <li><a href="http://www.sainsburys.co.uk/shop/gb/groceries/food-cupboard/chunky---hearty">Chunky &amp; hearty</a></li>
                        
                            <li><a href="http://www.sainsburys.co.uk/shop/gb/groceries/food-cupboard/healthier-options-230256-44">Healthier options</a></li>
                        
                            <li><a href="http://www.sainsburys.co.uk/shop/gb/groceries/food-cupboard/cup---instant">Cup &amp; instant</a></li>
                        
                            <li><a href="http://www.sainsburys.co.uk/shop/gb/groceries/food-cupboard/flavours-of-the-world">Flavours of the world</a></li>
                        
                            <li><a href="http://www.sainsburys.co.uk/shop/gb/groceries/food-cupboard/luxury">Luxury</a></li>
                        
                            <li><a href="http://www.sainsburys.co.uk/shop/gb/groceries/food-cupboard/condensed">Condensed</a></li>
                        
                            <li><a href="http://www.sainsburys.co.uk/shop/gb/groceries/food-cupboard/by-sainsburys">By Sainsbury's</a></li>
                        
                            <li><a href="http://www.sainsburys.co.uk/shop/gb/groceries/food-cupboard/heinz">Heinz</a></li>
                        
                            <li><a href="http://www.sainsburys.co.uk/shop/gb/groceries/food-cupboard/baxters-44">Baxters</a></li>
                        
                    </ul>
</div>
            </li>
        
    <li class="fourth">
<a href="http://www.sainsburys.co.uk/shop/gb/groceries/food-cupboard/by-sainsburys"><span>By Sainsbury's</span></a>
        
    </li>
    
                    </ul>
</div>
                <!--  END BreadCrumbTrailDisplay.jsp --><!-- BEGIN MessageDisplay.jspf --><!-- END MessageDisplay.jspf --><!-- BEGIN ShelfDisplay.jsp -->

<div class="section">
    
    <h1 id="resultsHeading" class="resultsHeading">
        By Sainsbury'sÂ (40 products available)
    </h1> 

    <!-- DEBUG: shelfTopLeftESpotName = Z:FOOD_CUPBOARD/D:CANNED_TINNED_AND_PACKAGED_FOODS/A:SOUPS/S:BY_SAINSBURYS/Shelf_Top_Left --><!-- DEBUG: shelfTopRightESpotName = Z:FOOD_CUPBOARD/D:CANNED_TINNED_AND_PACKAGED_FOODS/A:SOUPS/S:BY_SAINSBURYS/Shelf_Top_Right -->
    <div class="eSpotContainer">
    
    <div id="sitecatalyst_ESPOT_NAME_Z:FOOD_CUPBOARD/D:CANNED_TINNED_AND_PACKAGED_FOODS/A:SOUPS/S:BY_SAINSBURYS/Shelf_Top_Left" class="siteCatalystTag">Z:FOOD_CUPBOARD/D:CANNED_TINNED_AND_PACKAGED_FOODS/A:SOUPS/S:BY_SAINSBURYS/Shelf_Top_Left</div>

    <div id="sitecatalyst_ESPOT_NAME_Z:FOOD_CUPBOARD/D:CANNED_TINNED_AND_PACKAGED_FOODS/A:SOUPS/S:BY_SAINSBURYS/Shelf_Top_Right" class="siteCatalystTag">Z:FOOD_CUPBOARD/D:CANNED_TINNED_AND_PACKAGED_FOODS/A:SOUPS/S:BY_SAINSBURYS/Shelf_Top_Right</div>

</div>
</div>

        <div class="section" id="filterContainer">
<div class="areaOverlay" id="filterOverlay"></div>
            <!-- FILTER SECTION STARTS HERE--><!-- BEGIN BrowseFacetsDisplay.jspf--><!-- Start Filter -->
	    <h2 class="access">Product filter options</h2>
        <div class="filterSlither">
            <div class="filterCollapseBar">
                <div class="noFlexComponent">
	                <a href="#filterOptions" id="showHideFilterSlither" aria-controls="filterOptions" aria-expanded="true" class="visible">
		                Filter your list
	                <span class="access">Close filter options</span></a>
	                <span class="quantitySelected" id="quantitySelected" role="status" aria-live="assertive" aria-relevant="text">
	                    
	                </span>
	                <a href="http://www.sainsburys.co.uk/shop/CategoryDisplay?pageSize=100&amp;catalogId=10241&amp;orderBy=FAVOURITES_ONLY%7CTOP_SELLERS&amp;facet=&amp;top_category=12422&amp;parent_category_rn=12422&amp;beginIndex=0&amp;categoryId=283808&amp;langId=44&amp;storeId=10151" class="repressive">
	                    Clear filters
	                </a>
	            </div>
            </div>
            
            

			<form class="shelfFilterOptions " id="filterOptions" name="search_facets_form" action="" method="get">
	            <input type="hidden" value="44" name="langId"><input type="hidden" value="10151" name="storeId"><input type="hidden" value="10241" name="catalogId"><input type="hidden" value="283808" name="categoryId"><input type="hidden" value="12422" name="parent_category_rn"><input type="hidden" value="12422" name="top_category"><input type="hidden" value="100" name="pageSize"><input type="hidden" value="FAVOURITES_ONLY|TOP_SELLERS" name="orderBy"><input type="hidden" value="" name="searchTerm"><input type="hidden" value="0" name="beginIndex"><div class="wrapper" id="filterOptionsContainer">
                    
		            

<div class="field options">
    <div class="indicator">
        <p>Options:</p>
    </div>
    <div class="checkboxes">
        
        
            
            <div class="input">
            
            
		                  <input id="globalOptions0" name="facet" type="checkbox" disabled value="" aria-disabled="true"><label class="favouritesLabel" for="globalOptions0">Favourites</label>
                    
	        </div>
	        
	        
            
            <div class="input">
            
            
		                  <input id="globalOptions1" name="facet" type="checkbox" disabled value="" aria-disabled="true"><label class="offersLabel" for="globalOptions1">Offers</label>
                    
	        </div>
	        
	        
            
            <div class="input">
            
            
		                  <input id="globalOptions2" name="facet" type="checkbox" disabled value="" aria-disabled="true"><label for="globalOptions2">New</label>
		            
	        </div>
	        
	        
        
    </div>
    
</div>
<!-- BEGIN BrandFacetDisplay.jspf -->

<div class="field topBrands">
    <div class="indicator">
        <p>Top Brands:</p>
    </div>
    <div class="checkboxes">
        
        
            <div class="input">
	           
                       <input id="topBrands0" name="facet" type="checkbox" value="887"><label for="topBrands0">Sainsbury's</label>
	       </div>
	       
	    
    </div>
</div>

<!-- END BrandFacetDisplay.jspf -->                    
                </div> 
                
                <!-- BEGIN DietaryFacetDisplay.jspf -->

<div class="filterCollapseBarDietAndLifestyle">
    <a href="#dietAndLifestyle" id="showHideDietAndLifestyle" aria-expanded="false">Dietary &amp; lifestyle options<span class="access">Open filter options</span></a>
    <span class="misc">
        (such as vegetarian, organic and British)
    </span>
</div>

<div class="field dietAndLifestyle jsHide" id="dietAndLifestyle">
    <div class="checkboxes">
        
        
            <div class="input">
                
                        <input id="dietAndLifestyle0" name="facet" type="checkbox" value="4294966753"><label for="dietAndLifestyle0">
                   Suitable for Vegans
                </label>
            </div> 
            
            <div class="input">
                
                        <input id="dietAndLifestyle1" name="facet" type="checkbox" value="4294966763"><label for="dietAndLifestyle1">
                   Suitable for Vegetarians
                </label>
            </div> 
            

    </div>
</div>

<!-- END DietaryFacetDisplay.jspf -->
            
                <div class="filterActions">
                    <input class="button primary" type="submit" id="applyfilter" name="applyfilter" value="Apply filter">
</div>
            </form>
        </div>
        
	<!-- END BrowseFacetsDisplay.jspf--><!-- FILTER SECTION ENDS HERE-->
        </div>
        <div class="section" id="productsContainer">
            <div id="productsOverlay" class="areaOverlay"></div>
            <div id="productLister">
	            
        <h2 class="access">Product pagination</h2>
        <div class="pagination">
    

    <ul class="viewOptions">
<li class="gridSelected">
                    <span class="access">Grid view</span>
                </li>
                <li class="list">
                    <a href="http://www.sainsburys.co.uk/shop/CategoryDisplay?listView=true&amp;orderBy=FAVOURITES_ONLY%7CTOP_SELLERS&amp;parent_category_rn=12422&amp;top_category=12422&amp;langId=44&amp;beginIndex=0&amp;pageSize=20&amp;catalogId=10241&amp;searchTerm=&amp;categoryId=283808&amp;listId=&amp;storeId=10151&amp;promotionId=">
                        <span class="access">List view</span>
                    </a>
                </li>
            
    </ul>
<form name="search_orderBy_form" action="CategoryDisplay" method="get">
        <input type="hidden" value="44" name="langId"><input type="hidden" value="10151" name="storeId"><input type="hidden" value="10241" name="catalogId"><input type="hidden" value="283808" name="categoryId"><input type="hidden" value="100" name="pageSize"><input type="hidden" value="0" name="beginIndex"><input type="hidden" value="" name="promotionId"><input type="hidden" value="" name="listId"><input type="hidden" value="" name="searchTerm"><input type="hidden" name="hasPreviousOrder" value=""><input type="hidden" name="previousOrderId" value=""><input type="hidden" name="categoryFacetId1" value=""><input type="hidden" name="categoryFacetId2" value=""><input type="hidden" name="bundleId" value=""><div class="field">
            <div class="indicator">
                <label for="orderBy">Sort by:</label>
            </div>

            
                    <input type="hidden" value="12422" name="parent_category_rn"><input type="hidden" value="12422" name="top_category"><div class="input">
                <div class="selectWrapper">
	                <select id="orderBy" name="orderBy"><option value="FAVOURITES_FIRST">Favourites First</option>
<option value="PRICE_ASC">Price - Low to High</option>
<option value="PRICE_DESC">Price - High to Low</option>
<option value="NAME_ASC">Product Name - A - Z</option>
<option value="NAME_DESC">Product Name - Z - A</option>
<option value="TOP_SELLERS">Top Sellers</option>
<option value="RATINGS_DESC">Ratings - High to Low</option>
<option value="NEW">New</option></select><span></span>
	             </div>
            </div>
        </div>
        <div class="actions">
            <input type="submit" class="button" id="Sort" name="Sort" value="Sort">
</div>
    </form>


    <form name="search_pageSize_form" action="CategoryDisplay" method="get">
        <input type="hidden" value="44" name="langId"><input type="hidden" value="10151" name="storeId"><input type="hidden" value="10241" name="catalogId"><input type="hidden" value="283808" name="categoryId"><input type="hidden" value="FAVOURITES_ONLY|TOP_SELLERS" name="orderBy"><input type="hidden" value="0" name="beginIndex"><input type="hidden" value="" name="promotionId"><input type="hidden" value="" name="listId"><input type="hidden" value="" name="searchTerm"><input type="hidden" name="hasPreviousOrder" value=""><input type="hidden" name="previousOrderId" value=""><input type="hidden" name="categoryFacetId1" value=""><input type="hidden" name="categoryFacetId2" value=""><input type="hidden" name="ImportedProductsCount" value=""><input type="hidden" name="ImportedStoreName" value=""><input type="hidden" name="ImportedSupermarket" value=""><input type="hidden" name="bundleId" value=""><input type="hidden" value="12422" name="parent_category_rn"><input type="hidden" value="12422" name="top_category"><div class="field">
          <div class="indicator">
            <label for="pageSize">Per page</label>
          </div>
          <div class="input">
            <div class="selectWrapper">
	            <select id="pageSize" name="pageSize"><option value="30">30</option>
<option value="45">45</option>
<option value="60">60</option>
<option value="75">75</option>
<option value="90">90</option></select><span></span>
	         </div>
          </div>
          </div>
          <div class="actions">
              <input type="submit" class="button" id="Go" name="Go" value="Go">
</div>
    </form>

    
    <ul class="pages">
<li class="previous">
		        
		        <span class="access">Go to previous page</span>
		        
            </li>

        <li class="current">
<span class="access">Current page </span><span>1</span>
</li>
        
            <li class="next">
        
        <span class="access">Go to next page</span>
        
            </li>
    </ul>
</div>
    
                <h2 class="access">Products</h2>
	            <ul class="productLister gridView">
<li class="gridItem" style="min-height: 406px;">
	                                <!-- BEGIN CatalogEntryThumbnailDisplay.jsp --><!-- BEGIN MerchandisingAssociationsDisplay.jsp --><!-- Start - JSP File Name:  MerchandisingAssociationsDisplay.jsp --><!-- END MerchandisingAssociationsDisplay.jsp -->
            <div class="product ">
                
                <div class="productInfo">
                    <div class="productNameAndPromotions">
                        
                                  <h3>
                                    <a href="http://www.sainsburys.co.uk/shop/gb/groceries/by-sainsburys/sainsburys-cream-of-tomato-soup-400g">
                                        Sainsbury's Cream Of Tomato Soup 400g
                                        <img src="http://c2.sainsburys.co.uk/wcsstore7.20.1.145/ExtendedSitesCatalogAssetStore/images/catalog/productImages/08/0000001221008/0000001221008_L.jpeg" alt=""></a>
                                </h3>
                              
                    </div> 
                </div>
                
                <div class="errorBanner hidden" id="error15931"></div>
                <div class="addToTrolleytabBox">   
                    <!--addToTrolleytabBox GRID VIEW --><!-- Start UserSubscribedOrNot.jspf --><!-- Start UserSubscribedOrNot.jsp --><!-- 
			If the user is not logged in, render this opening 
			DIV adding an addtional class to fix the border top which is removed 
			and replaced by the tabs
		-->
		<div class="addToTrolleytabContainer addItemBorderTop">
	<!-- End AddToSubscriptionList.jsp --><!-- End AddSubscriptionList.jspf --><!-- 
                    ATTENTION!!!
                    <div class="addToTrolleytabContainer">
                    This opening div is inside "../../ReusableObjects/UserSubscribedOrNot.jsp"
                    -->
                    <div class="pricingAndTrolleyOptions">
                    	
                                    <div class="priceTab priceTabContainer activeContainer addItem" id="addItem_15931">
                                       <div class="pricing">
                                           
	<p class="pricePerUnit">
    Â£0.50<abbr title="per">/</abbr><abbr title="unit"><span class="pricePerUnitUnit">unit</span></abbr>
</p>
 
    <p class="pricePerMeasure">Â£0.13<abbr title="per">/</abbr>100<abbr title="gram"><span class="pricePerMeasureMeasure">g</span></abbr>
    </p>

                                       </div>                                      

                                     
                                        <div class="addToTrolleyForm "> 
                                           <!-- BEGIN AddToTrolley.jsp -->

		<form class="addToTrolleyForm" name="OrderItemAddForm_15931" action="OrderItemAdd" method="post" id="OrderItemAddForm_15931">
		    <input type="hidden" name="storeId" value="10151"><input type="hidden" name="langId" value="44"><input type="hidden" name="catalogId" value="10241"><input type="hidden" name="errorViewName" value="CategoryDisplayView"><input type="hidden" name="SKU_ID" value="7575390"><input type="hidden" name="itemType" value=""><label class="access" for="quantity_15930">Quantity</label>
		        
					<input name="quantity" id="quantity_15930" type="text" size="3" value="1" class="quantity"><input type="hidden" name="catEntryId" value="15931"><input type="hidden" name="productId" value="15930"><input type="hidden" name="URL" value="http://www.sainsburys.co.uk/webapp/wcs/stores/servlet/CategoryDisplay?msg=&amp;langId=44&amp;storeId=10151&amp;krypto=dWRBEruPqAfbVyAqf1RFlIRbFBNh1P3L1cpaRI7ENFt%2FNTfEPCN1eEciR3ynWr3XBSzviVwUDbrjFfBvxPX5AY669CVYyRJYq%2FUKhjkyBwm7A8JbQdXyGogMwMKAT8EFeRuhFOt3YxLgIkPF9MBMUHU3R5B29wmqXOeee4Ntg7Q%3D&amp;ddkey=http%3Agb%2Fgroceries%2Ffood-cupboard%2Fby-sainsburys"><input type="hidden" name="page" value=""><input type="hidden" name="contractId" value=""><input type="hidden" name="calculateOrder" value="1"><input type="hidden" name="calculationUsage" value="-1,-2,-3"><input type="hidden" name="updateable" value="1"><input type="hidden" name="merge" value="***"><input type="hidden" name="callAjax" value="false"><input class="button process" type="submit" name="Add" value="Add">
</form>
	<!-- END AddToTrolley.jsp -->
        <div class="numberInTrolley hidden numberInTrolley_15930" id="numberInTrolley_15930">
            
        </div>
    
                                        </div>

                                        <!-- BEGIN CatalogEntryRatingsReviewsInfo.jspf --><!-- productAllowedRatingsAndReviews: true -->
    <div class="reviews">
        
            <a class="numberOfReviews" href="http://www.sainsburys.co.uk/shop/gb/groceries/by-sainsburys/sainsburys-cream-of-tomato-soup-400g#reviews">
                <img src="http://c2.sainsburys.co.uk/wcsstore7.20.1.145/SainsburysStorefrontAssetStore/img/stars/rating-4_8.gif" alt="4.75" border="0">Â  
                Reviews (12)
            </a>
        
    </div>
<!-- END CatalogEntryRatingsReviewsInfo.jspf -->
                                   </div>
                               <!-- Start AddToSubscriptionList.jspf --><!-- Start AddToSubscriptionList.jsp --><!-- End AddToSubscriptionList.jsp --><!-- End AddToSubscriptionList.jspf -->     
                    </div>
                            
                    
                </div>     
            </div>
            <!--ThumbnailRestriction --><!-- END CatalogEntryThumbnailDisplay.jsp -->
	                            </div>
</li>
	                         

	                            <li class="gridItem" style="min-height: 406px;">
	                                <!-- BEGIN CatalogEntryThumbnailDisplay.jsp --><!-- BEGIN MerchandisingAssociationsDisplay.jsp --><!-- Start - JSP File Name:  MerchandisingAssociationsDisplay.jsp --><!-- END MerchandisingAssociationsDisplay.jsp -->
            <div class="product ">
                
                <div class="productInfo">
                    <div class="productNameAndPromotions">
                        
                                  <h3>
                                    <a href="http://www.sainsburys.co.uk/shop/gb/groceries/by-sainsburys/sainsburys-cream-of-chicken-soup-400g">
                                        Sainsbury's Cream Of Chicken Soup 400g
                                        <img src="http://c2.sainsburys.co.uk/wcsstore7.20.1.145/ExtendedSitesCatalogAssetStore/images/catalog/productImages/65/0000001850765/0000001850765_L.jpeg" alt=""></a>
                                </h3>
                              
                    </div> 
                </div>
                
                <div class="errorBanner hidden" id="error15935"></div>
                <div class="addToTrolleytabBox">   
                    <!--addToTrolleytabBox GRID VIEW --><!-- Start UserSubscribedOrNot.jspf --><!-- Start UserSubscribedOrNot.jsp --><!-- 
			If the user is not logged in, render this opening 
			DIV adding an addtional class to fix the border top which is removed 
			and replaced by the tabs
		-->
		<div class="addToTrolleytabContainer addItemBorderTop">
	<!-- End AddToSubscriptionList.jsp --><!-- End AddSubscriptionList.jspf --><!-- 
                    ATTENTION!!!
                    <div class="addToTrolleytabContainer">
                    This opening div is inside "../../ReusableObjects/UserSubscribedOrNot.jsp"
                    -->
                    <div class="pricingAndTrolleyOptions">
                    	
                                    <div class="priceTab priceTabContainer activeContainer addItem" id="addItem_15935">
                                       <div class="pricing">
                                           
	<p class="pricePerUnit">
    Â£0.50<abbr title="per">/</abbr><abbr title="unit"><span class="pricePerUnitUnit">unit</span></abbr>
</p>
 
    <p class="pricePerMeasure">Â£0.13<abbr title="per">/</abbr>100<abbr title="gram"><span class="pricePerMeasureMeasure">g</span></abbr>
    </p>

                                       </div>                                      

                                     
                                        <div class="addToTrolleyForm "> 
                                           <!-- BEGIN AddToTrolley.jsp -->

		<form class="addToTrolleyForm" name="OrderItemAddForm_15935" action="OrderItemAdd" method="post" id="OrderItemAddForm_15935">
		    <input type="hidden" name="storeId" value="10151"><input type="hidden" name="langId" value="44"><input type="hidden" name="catalogId" value="10241"><input type="hidden" name="errorViewName" value="CategoryDisplayView"><input type="hidden" name="SKU_ID" value="7575400"><input type="hidden" name="itemType" value=""><label class="access" for="quantity_15934">Quantity</label>
		        
					<input name="quantity" id="quantity_15934" type="text" size="3" value="1" class="quantity"><input type="hidden" name="catEntryId" value="15935"><input type="hidden" name="productId" value="15934"><input type="hidden" name="URL" value="http://www.sainsburys.co.uk/webapp/wcs/stores/servlet/CategoryDisplay?msg=&amp;langId=44&amp;storeId=10151&amp;krypto=dWRBEruPqAfbVyAqf1RFlIRbFBNh1P3L1cpaRI7ENFt%2FNTfEPCN1eEciR3ynWr3XBSzviVwUDbrjFfBvxPX5AY669CVYyRJYq%2FUKhjkyBwm7A8JbQdXyGogMwMKAT8EFeRuhFOt3YxLgIkPF9MBMUHU3R5B29wmqXOeee4Ntg7Q%3D&amp;ddkey=http%3Agb%2Fgroceries%2Ffood-cupboard%2Fby-sainsburys"><input type="hidden" name="page" value=""><input type="hidden" name="contractId" value=""><input type="hidden" name="calculateOrder" value="1"><input type="hidden" name="calculationUsage" value="-1,-2,-3"><input type="hidden" name="updateable" value="1"><input type="hidden" name="merge" value="***"><input type="hidden" name="callAjax" value="false"><input class="button process" type="submit" name="Add" value="Add">
</form>
	<!-- END AddToTrolley.jsp -->
        <div class="numberInTrolley hidden numberInTrolley_15934" id="numberInTrolley_15934">
            
        </div>
    
                                        </div>

                                        <!-- BEGIN CatalogEntryRatingsReviewsInfo.jspf --><!-- productAllowedRatingsAndReviews: true -->
    <div class="reviews">
        
            <a class="numberOfReviews" href="http://www.sainsburys.co.uk/shop/gb/groceries/by-sainsburys/sainsburys-cream-of-chicken-soup-400g#reviews">
                <img src="http://c2.sainsburys.co.uk/wcsstore7.20.1.145/SainsburysStorefrontAssetStore/img/stars/rating-4_7.gif" alt="4.6667" border="0">Â  
                Reviews (6)
            </a>
        
    </div>
<!-- END CatalogEntryRatingsReviewsInfo.jspf -->
                                   </div>
                               <!-- Start AddToSubscriptionList.jspf --><!-- Start AddToSubscriptionList.jsp --><!-- End AddToSubscriptionList.jsp --><!-- End AddToSubscriptionList.jspf -->     
                    </div>
                            
                    
                </div>     
            </div>
            <!--ThumbnailRestriction --><!-- END CatalogEntryThumbnailDisplay.jsp -->
	                            </div>
</li>
	                         

	                            <li class="gridItem" style="min-height: 406px;">
	                                <!-- BEGIN CatalogEntryThumbnailDisplay.jsp --><!-- BEGIN MerchandisingAssociationsDisplay.jsp --><!-- Start - JSP File Name:  MerchandisingAssociationsDisplay.jsp --><!-- END MerchandisingAssociationsDisplay.jsp -->
            <div class="product ">
                
                <div class="productInfo">
                    <div class="productNameAndPromotions">
                        
                                  <h3>
                                    <a href="http://www.sainsburys.co.uk/shop/gb/groceries/by-sainsburys/sainsburys-cream-of-mushroom-soup-400g">
                                        Sainsbury's Cream Of Mushroom Soup 400g
                                        <img src="http://c2.sainsburys.co.uk/wcsstore7.20.1.145/ExtendedSitesCatalogAssetStore/images/catalog/productImages/19/0000001220919/0000001220919_L.jpeg" alt=""></a>
                                </h3>
                              
                    </div> 
                </div>
                
                <div class="errorBanner hidden" id="error15941"></div>
                <div class="addToTrolleytabBox">   
                    <!--addToTrolleytabBox GRID VIEW --><!-- Start UserSubscribedOrNot.jspf --><!-- Start UserSubscribedOrNot.jsp --><!-- 
			If the user is not logged in, render this opening 
			DIV adding an addtional class to fix the border top which is removed 
			and replaced by the tabs
		-->
		<div class="addToTrolleytabContainer addItemBorderTop">
	<!-- End AddToSubscriptionList.jsp --><!-- End AddSubscriptionList.jspf --><!-- 
                    ATTENTION!!!
                    <div class="addToTrolleytabContainer">
                    This opening div is inside "../../ReusableObjects/UserSubscribedOrNot.jsp"
                    -->
                    <div class="pricingAndTrolleyOptions">
                    	
                                    <div class="priceTab priceTabContainer activeContainer addItem" id="addItem_15941">
                                       <div class="pricing">
                                           
	<p class="pricePerUnit">
    Â£0.50<abbr title="per">/</abbr><abbr title="unit"><span class="pricePerUnitUnit">unit</span></abbr>
</p>
 
    <p class="pricePerMeasure">Â£0.13<abbr title="per">/</abbr>100<abbr title="gram"><span class="pricePerMeasureMeasure">g</span></abbr>
    </p>

                                       </div>                                      

                                     
                                        <div class="addToTrolleyForm "> 
                                           <!-- BEGIN AddToTrolley.jsp -->

		<form class="addToTrolleyForm" name="OrderItemAddForm_15941" action="OrderItemAdd" method="post" id="OrderItemAddForm_15941">
		    <input type="hidden" name="storeId" value="10151"><input type="hidden" name="langId" value="44"><input type="hidden" name="catalogId" value="10241"><input type="hidden" name="errorViewName" value="CategoryDisplayView"><input type="hidden" name="SKU_ID" value="7575482"><input type="hidden" name="itemType" value=""><label class="access" for="quantity_15940">Quantity</label>
		        
					<input name="quantity" id="quantity_15940" type="text" size="3" value="1" class="quantity"><input type="hidden" name="catEntryId" value="15941"><input type="hidden" name="productId" value="15940"><input type="hidden" name="URL" value="http://www.sainsburys.co.uk/webapp/wcs/stores/servlet/CategoryDisplay?msg=&amp;langId=44&amp;storeId=10151&amp;krypto=dWRBEruPqAfbVyAqf1RFlIRbFBNh1P3L1cpaRI7ENFt%2FNTfEPCN1eEciR3ynWr3XBSzviVwUDbrjFfBvxPX5AY669CVYyRJYq%2FUKhjkyBwm7A8JbQdXyGogMwMKAT8EFeRuhFOt3YxLgIkPF9MBMUHU3R5B29wmqXOeee4Ntg7Q%3D&amp;ddkey=http%3Agb%2Fgroceries%2Ffood-cupboard%2Fby-sainsburys"><input type="hidden" name="page" value=""><input type="hidden" name="contractId" value=""><input type="hidden" name="calculateOrder" value="1"><input type="hidden" name="calculationUsage" value="-1,-2,-3"><input type="hidden" name="updateable" value="1"><input type="hidden" name="merge" value="***"><input type="hidden" name="callAjax" value="false"><input class="button process" type="submit" name="Add" value="Add">
</form>
	<!-- END AddToTrolley.jsp -->
        <div class="numberInTrolley hidden numberInTrolley_15940" id="numberInTrolley_15940">
            
        </div>
    
                                        </div>

                                        <!-- BEGIN CatalogEntryRatingsReviewsInfo.jspf --><!-- productAllowedRatingsAndReviews: true -->
    <div class="reviews">
        
            <a class="numberOfReviews" href="http://www.sainsburys.co.uk/shop/gb/groceries/by-sainsburys/sainsburys-cream-of-mushroom-soup-400g#reviews">
                <img src="http://c2.sainsburys.co.uk/wcsstore7.20.1.145/SainsburysStorefrontAssetStore/img/stars/rating-3_4.gif" alt="3.4" border="0">Â  
                Reviews (5)
            </a>
        
    </div>
<!-- END CatalogEntryRatingsReviewsInfo.jspf -->
                                   </div>
                               <!-- Start AddToSubscriptionList.jspf --><!-- Start AddToSubscriptionList.jsp --><!-- End AddToSubscriptionList.jsp --><!-- End AddToSubscriptionList.jspf -->     
                    </div>
                            
                    
                </div>     
            </div>
            <!--ThumbnailRestriction --><!-- END CatalogEntryThumbnailDisplay.jsp -->
	                            </div>
</li>
	                         

	                            <li class="gridItem" style="min-height: 594px;">
	                                <!-- BEGIN CatalogEntryThumbnailDisplay.jsp --><!-- BEGIN MerchandisingAssociationsDisplay.jsp --><!-- Start - JSP File Name:  MerchandisingAssociationsDisplay.jsp --><!-- END MerchandisingAssociationsDisplay.jsp -->
            <div class="product ">
                
                <div class="productInfo">
                    <div class="productNameAndPromotions">
                        
                                  <h3>
                                    <a href="http://www.sainsburys.co.uk/shop/gb/groceries/by-sainsburys/sainsburys-vegetable-soup-400g">
                                        Sainsbury's Vegetable Soup 400g
                                        <img src="http://c2.sainsburys.co.uk/wcsstore7.20.1.145/ExtendedSitesCatalogAssetStore/images/catalog/productImages/72/0000001850772/0000001850772_L.jpeg" alt=""></a>
                                </h3>
                              
                    </div> 
                </div>
                
                <div class="errorBanner hidden" id="error15937"></div>
                <div class="addToTrolleytabBox">   
                    <!--addToTrolleytabBox GRID VIEW --><!-- Start UserSubscribedOrNot.jspf --><!-- Start UserSubscribedOrNot.jsp --><!-- 
			If the user is not logged in, render this opening 
			DIV adding an addtional class to fix the border top which is removed 
			and replaced by the tabs
		-->
		<div class="addToTrolleytabContainer addItemBorderTop">
	<!-- End AddToSubscriptionList.jsp --><!-- End AddSubscriptionList.jspf --><!-- 
                    ATTENTION!!!
                    <div class="addToTrolleytabContainer">
                    This opening div is inside "../../ReusableObjects/UserSubscribedOrNot.jsp"
                    -->
                    <div class="pricingAndTrolleyOptions">
                    	
                                    <div class="priceTab priceTabContainer activeContainer addItem" id="addItem_15937">
                                       <div class="pricing">
                                           
	<p class="pricePerUnit">
    Â£0.50<abbr title="per">/</abbr><abbr title="unit"><span class="pricePerUnitUnit">unit</span></abbr>
</p>
 
    <p class="pricePerMeasure">Â£0.13<abbr title="per">/</abbr>100<abbr title="gram"><span class="pricePerMeasureMeasure">g</span></abbr>
    </p>

                                       </div>                                      

                                     
                                        <div class="addToTrolleyForm "> 
                                           <!-- BEGIN AddToTrolley.jsp -->

		<form class="addToTrolleyForm" name="OrderItemAddForm_15937" action="OrderItemAdd" method="post" id="OrderItemAddForm_15937">
		    <input type="hidden" name="storeId" value="10151"><input type="hidden" name="langId" value="44"><input type="hidden" name="catalogId" value="10241"><input type="hidden" name="errorViewName" value="CategoryDisplayView"><input type="hidden" name="SKU_ID" value="7575404"><input type="hidden" name="itemType" value=""><label class="access" for="quantity_15936">Quantity</label>
		        
					<input name="quantity" id="quantity_15936" type="text" size="3" value="1" class="quantity"><input type="hidden" name="catEntryId" value="15937"><input type="hidden" name="productId" value="15936"><input type="hidden" name="URL" value="http://www.sainsburys.co.uk/webapp/wcs/stores/servlet/CategoryDisplay?msg=&amp;langId=44&amp;storeId=10151&amp;krypto=dWRBEruPqAfbVyAqf1RFlIRbFBNh1P3L1cpaRI7ENFt%2FNTfEPCN1eEciR3ynWr3XBSzviVwUDbrjFfBvxPX5AY669CVYyRJYq%2FUKhjkyBwm7A8JbQdXyGogMwMKAT8EFeRuhFOt3YxLgIkPF9MBMUHU3R5B29wmqXOeee4Ntg7Q%3D&amp;ddkey=http%3Agb%2Fgroceries%2Ffood-cupboard%2Fby-sainsburys"><input type="hidden" name="page" value=""><input type="hidden" name="contractId" value=""><input type="hidden" name="calculateOrder" value="1"><input type="hidden" name="calculationUsage" value="-1,-2,-3"><input type="hidden" name="updateable" value="1"><input type="hidden" name="merge" value="***"><input type="hidden" name="callAjax" value="false"><input class="button process" type="submit" name="Add" value="Add">
</form>
	<!-- END AddToTrolley.jsp -->
        <div class="numberInTrolley hidden numberInTrolley_15936" id="numberInTrolley_15936">
            
        </div>
    
                                        </div>

                                        <!-- BEGIN CatalogEntryRatingsReviewsInfo.jspf --><!-- productAllowedRatingsAndReviews: true -->
    <div class="reviews">
        
            <a class="numberOfReviews" href="http://www.sainsburys.co.uk/shop/gb/groceries/by-sainsburys/sainsburys-vegetable-soup-400g#reviews">
                <img src="http://c2.sainsburys.co.uk/wcsstore7.20.1.145/SainsburysStorefrontAssetStore/img/stars/rating-3_3.gif" alt="3.25" border="0">Â  
                Reviews (4)
            </a>
        
    </div>
<!-- END CatalogEntryRatingsReviewsInfo.jspf -->
                                   </div>
                               <!-- Start AddToSubscriptionList.jspf --><!-- Start AddToSubscriptionList.jsp --><!-- End AddToSubscriptionList.jsp --><!-- End AddToSubscriptionList.jspf -->     
                    </div>
                            
                    
                </div>     
            </div>
            <!--ThumbnailRestriction --><!-- END CatalogEntryThumbnailDisplay.jsp -->
	                            </div>
</li>
	                         

	                            <li class="gridItem" style="min-height: 594px;">
	                                <!-- BEGIN CatalogEntryThumbnailDisplay.jsp --><!-- BEGIN MerchandisingAssociationsDisplay.jsp --><!-- Start - JSP File Name:  MerchandisingAssociationsDisplay.jsp -->
    <div class="coverage ranged"></div>
<!-- END MerchandisingAssociationsDisplay.jsp -->
	            	<div id="hasCrossSell_15987" class="product hasCrossSell "> 
	                
                        <div class="productInfo">
                        	<div class="productNameAndPromotions">
                                
                                        <h3>
                                            <a href="http://www.sainsburys.co.uk/shop/gb/groceries/by-sainsburys/sainsburys-tomato---three-bean-soup--be-good-to-yourself-400g">
                                                Sainsbury's Tomato &amp; Three Bean Soup, Be Good To Yourself 400g
                                                <img src="http://c2.sainsburys.co.uk/wcsstore7.20.1.145/ExtendedSitesCatalogAssetStore/images/catalog/productImages/65/0000001851465/0000001851465_L.jpeg" alt=""></a>
                                        </h3>
                                        
                            </div>
                                                      
                        </div>
                        
                        
                        
                    
                    <div class="addToTrolleytabBox">
                        <!-- Start UserSubscribedOrNot.jspf --><!-- Start UserSubscribedOrNot.jsp --><!-- 
			If the user is not logged in, render this opening 
			DIV adding an addtional class to fix the border top which is removed 
			and replaced by the tabs
		-->
		<div class="addToTrolleytabContainer addItemBorderTop">
	<!-- End AddToSubscriptionList.jsp --><!-- End AddSubscriptionList.jspf --><!-- 
                        ATTENTION!!!
                        <div class="addToTrolleytabContainer">
                        This opening div is inside "../../ReusableObjects/UserSubscribedOrNot.jsp"
                        -->
                        
		                <!--  <div class="pricingAndTrolleyFormWrapper"> -->
	                <div class="pricingAndTrolleyOptions">   
	                    <div class="priceTab activeContainer priceTabContainer" id="addItem_15987"> 
	                        <div class="pricing">
	                            
	<p class="pricePerUnit">
    Â£0.50<abbr title="per">/</abbr><abbr title="unit"><span class="pricePerUnitUnit">unit</span></abbr>
</p>
 
    <p class="pricePerMeasure">Â£0.13<abbr title="per">/</abbr>100<abbr title="gram"><span class="pricePerMeasureMeasure">g</span></abbr>
    </p>

	                        </div>                        
	                        
	                                    <div class="addToTrolleyForm ">                                    	
	                                        
	                                        <!-- BEGIN AddToTrolley.jsp -->

		<form class="addToTrolleyForm" name="OrderItemAddForm_15987" action="OrderItemAdd" method="post" id="OrderItemAddForm_15987">
		    <input type="hidden" name="storeId" value="10151"><input type="hidden" name="langId" value="44"><input type="hidden" name="catalogId" value="10241"><input type="hidden" name="errorViewName" value="CategoryDisplayView"><input type="hidden" name="SKU_ID" value="7575850"><input type="hidden" name="itemType" value=""><label class="access" for="quantity_15986">Quantity</label>
		        
					<input name="quantity" id="quantity_15986" type="text" size="3" value="1" class="quantity"><input type="hidden" name="catEntryId" value="15987"><input type="hidden" name="productId" value="15986"><input type="hidden" name="URL" value="http://www.sainsburys.co.uk/webapp/wcs/stores/servlet/CategoryDisplay?msg=&amp;langId=44&amp;storeId=10151&amp;krypto=dWRBEruPqAfbVyAqf1RFlIRbFBNh1P3L1cpaRI7ENFt%2FNTfEPCN1eEciR3ynWr3XBSzviVwUDbrjFfBvxPX5AY669CVYyRJYq%2FUKhjkyBwm7A8JbQdXyGogMwMKAT8EFeRuhFOt3YxLgIkPF9MBMUHU3R5B29wmqXOeee4Ntg7Q%3D&amp;ddkey=http%3Agb%2Fgroceries%2Ffood-cupboard%2Fby-sainsburys"><input type="hidden" name="page" value=""><input type="hidden" name="contractId" value=""><input type="hidden" name="calculateOrder" value="1"><input type="hidden" name="calculationUsage" value="-1,-2,-3"><input type="hidden" name="updateable" value="1"><input type="hidden" name="merge" value="***"><input type="hidden" name="callAjax" value="false"><input class="button process" type="submit" name="Add" value="Add">
</form>
	<!-- END AddToTrolley.jsp -->
        <div class="numberInTrolley hidden numberInTrolley_15986" id="numberInTrolley_15986">
            
        </div>
    
	                                    </div>
		                                
                        </div>
                        <!-- Start AddToSubscriptionList.jspf --><!-- Start AddToSubscriptionList.jsp --><!-- End AddToSubscriptionList.jsp --><!-- End AddToSubscriptionList.jspf -->
                    </div>
		                        
                        <!-- </div> -->
                </div>     
        	</div>

            <!--ThumbnailRestriction -->
                        
            <div class="errorBanner hidden" id="error15987"></div>                                 
               <div id="additionalItems_15987" class="additionalItems">
			        <!-- BEGIN MerchandisingAssociationsDisplay.jsp --><!-- Start - JSP File Name:  MerchandisingAssociationsDisplay.jsp --><!-- BEGIN CatalogEntryThumbnailMerchandisingAssociation.jspf -->                    
                    <div id="sitecatalyst_SELL_TYPE_1111796" class="siteCatalystTag">X-SELL</div>
                    <div class="crossSell">
                        <div class="crossSellTitle">
                            <!-- BEGIN ContentDisplay.jsp -->
	                <img src="/wcsstore7.20.1.145/SainsburysStorefrontAssetStore/wcassets/merchandising_associations/great_with_grid_202x32.gif" alt="wcassets/merchandising_associations/great_with_grid_202x32.gif" border="0"><!-- end: ContentDisplay.jsp -->
</div>
                        <div class="errorBanner hidden" id="error109821111797"></div>
                        <div class="crossSellContent">
	                        <div class="pricingAndTrolleyFormWrapper"> 
		                         <div class="pricingReviews">
		                            <div class="pricing">
		                                
	<p class="pricePerUnit">
    Â£1.00<abbr title="per">/</abbr><abbr title="unit"><span class="pricePerUnitUnit">unit</span></abbr>
</p>
 
    <p class="pricePerMeasure">Â£0.16<abbr title="per">/</abbr>100<abbr title="gram"><span class="pricePerMeasureMeasure">g</span></abbr>
    </p>

		                            </div>
		                        </div>
		                        <div class="addToTrolleyForm ">
		                           
		                            <!-- BEGIN AddToTrolley.jsp -->

		<form class="addToTrolleyForm" name="OrderItemAddForm_1111797_10982" action="OrderItemAdd" method="post" id="OrderItemAddForm_10982_1111797">
		    <input type="hidden" name="storeId" value="10151"><input type="hidden" name="langId" value="44"><input type="hidden" name="catalogId" value="10241"><input type="hidden" name="errorViewName" value="CategoryDisplayView"><input type="hidden" name="SKU_ID" value="7844456"><input type="hidden" name="itemType" value="X-SELL"><label class="access" for="quantity_1111796">Quantity</label>
		        
					<input name="quantity" id="quantity_1111796" type="text" size="3" value="1" class="quantity"><input type="hidden" name="catEntryId" value="1111797"><input type="hidden" name="productId" value="1111796"><input type="hidden" name="URL" value="http://www.sainsburys.co.uk/webapp/wcs/stores/servlet/CategoryDisplay?msg=&amp;langId=44&amp;storeId=10151&amp;krypto=dWRBEruPqAfbVyAqf1RFlIRbFBNh1P3L1cpaRI7ENFt%2FNTfEPCN1eEciR3ynWr3XBSzviVwUDbrjFfBvxPX5AY669CVYyRJYq%2FUKhjkyBwm7A8JbQdXyGogMwMKAT8EFeRuhFOt3YxLgIkPF9MBMUHU3R5B29wmqXOeee4Ntg7Q%3D&amp;ddkey=http%3Agb%2Fgroceries%2Ffood-cupboard%2Fby-sainsburys"><input type="hidden" name="page" value=""><input type="hidden" name="contractId" value=""><input type="hidden" name="calculateOrder" value="1"><input type="hidden" name="calculationUsage" value="-1,-2,-3"><input type="hidden" name="updateable" value="1"><input type="hidden" name="merge" value="***"><input type="hidden" name="callAjax" value="false"><input class="button process" type="submit" name="Add" value="Add">
</form>
	<!-- END AddToTrolley.jsp -->
        <div class="numberInTrolley hidden numberInTrolley_1111796" id="numberInTrolley_1111796">
            
        </div>
    
		                        </div>
		                    </div>                
	                        <div class="crossSellInfo">
	                            <h4 class="crossSellName">
                                    <span class="access">Try this product with </span>
	                                <a href="http://www.sainsburys.co.uk/shop/gb/groceries/allinson-classic-wholemeal-bread-650g">
	                                    Allinson Classic Wholemeal Bread 650g
	                                    <img src="/wcsstore7.20.1.145/ExtendedSitesCatalogAssetStore/images/catalog/productImages/14/5010092736614/5010092736614_S.jpeg" alt=""></a>
	                            </h4>
	                            
    <div class="promotion">
                   
		            <p><a href="http://www.sainsburys.co.uk/shop/PromotionDisplayView?catalogId=10143&amp;langId=44&amp;productId=1111796&amp;storeId=10151&amp;promotionId=10233485"><!-- BEGIN include/PromotionStrapline.jspf -->Only Â£1.00: Save 35p<br><!-- FINISH include/PromotionStrapline.jspf --></a></p>
		                        
    </div>

	                        </div>
	                    </div>
	                    <!--ThumbnailRestriction -->
                    </div>                
            
                <!-- END CatalogEntryThumbnailMerchandisingAssociation.jspf --><!-- END MerchandisingAssociationsDisplay.jsp --> 
	    		</div>
	    <!-- END CatalogEntryThumbnailDisplay.jsp -->
	                            </div>
</li>
	                         

	                            <li class="gridItem" style="min-height: 594px;">
	                                <!-- BEGIN CatalogEntryThumbnailDisplay.jsp --><!-- BEGIN MerchandisingAssociationsDisplay.jsp --><!-- Start - JSP File Name:  MerchandisingAssociationsDisplay.jsp --><!-- END MerchandisingAssociationsDisplay.jsp -->
            <div class="product ">
                
                <div class="productInfo">
                    <div class="productNameAndPromotions">
                        
                                  <h3>
                                    <a href="http://www.sainsburys.co.uk/shop/gb/groceries/by-sainsburys/sainsburys-butternut-squash---red-pepper-soup-390g">
                                        Sainsbury's Butternut Squash &amp; Red Pepper Soup 390g
                                        <img src="http://c2.sainsburys.co.uk/wcsstore7.20.1.145/ExtendedSitesCatalogAssetStore/images/catalog/productImages/98/0000001845198/0000001845198_L.jpeg" alt=""></a>
                                </h3>
                              
                    </div> 
                </div>
                
                <div class="errorBanner hidden" id="error15833"></div>
                <div class="addToTrolleytabBox">   
                    <!--addToTrolleytabBox GRID VIEW --><!-- Start UserSubscribedOrNot.jspf --><!-- Start UserSubscribedOrNot.jsp --><!-- 
			If the user is not logged in, render this opening 
			DIV adding an addtional class to fix the border top which is removed 
			and replaced by the tabs
		-->
		<div class="addToTrolleytabContainer addItemBorderTop">
	<!-- End AddToSubscriptionList.jsp --><!-- End AddSubscriptionList.jspf --><!-- 
                    ATTENTION!!!
                    <div class="addToTrolleytabContainer">
                    This opening div is inside "../../ReusableObjects/UserSubscribedOrNot.jsp"
                    -->
                    <div class="pricingAndTrolleyOptions">
                    	
                                    <div class="priceTab priceTabContainer activeContainer addItem" id="addItem_15833">
                                       <div class="pricing">
                                           
	<p class="pricePerUnit">
    Â£0.50<abbr title="per">/</abbr><abbr title="unit"><span class="pricePerUnitUnit">unit</span></abbr>
</p>
 
    <p class="pricePerMeasure">Â£0.13<abbr title="per">/</abbr>100<abbr title="gram"><span class="pricePerMeasureMeasure">g</span></abbr>
    </p>

                                       </div>                                      

                                     
                                        <div class="addToTrolleyForm "> 
                                           <!-- BEGIN AddToTrolley.jsp -->

		<form class="addToTrolleyForm" name="OrderItemAddForm_15833" action="OrderItemAdd" method="post" id="OrderItemAddForm_15833">
		    <input type="hidden" name="storeId" value="10151"><input type="hidden" name="langId" value="44"><input type="hidden" name="catalogId" value="10241"><input type="hidden" name="errorViewName" value="CategoryDisplayView"><input type="hidden" name="SKU_ID" value="7569448"><input type="hidden" name="itemType" value=""><label class="access" for="quantity_15832">Quantity</label>
		        
					<input name="quantity" id="quantity_15832" type="text" size="3" value="1" class="quantity"><input type="hidden" name="catEntryId" value="15833"><input type="hidden" name="productId" value="15832"><input type="hidden" name="URL" value="http://www.sainsburys.co.uk/webapp/wcs/stores/servlet/CategoryDisplay?msg=&amp;langId=44&amp;storeId=10151&amp;krypto=dWRBEruPqAfbVyAqf1RFlIRbFBNh1P3L1cpaRI7ENFt%2FNTfEPCN1eEciR3ynWr3XBSzviVwUDbrjFfBvxPX5AY669CVYyRJYq%2FUKhjkyBwm7A8JbQdXyGogMwMKAT8EFeRuhFOt3YxLgIkPF9MBMUHU3R5B29wmqXOeee4Ntg7Q%3D&amp;ddkey=http%3Agb%2Fgroceries%2Ffood-cupboard%2Fby-sainsburys"><input type="hidden" name="page" value=""><input type="hidden" name="contractId" value=""><input type="hidden" name="calculateOrder" value="1"><input type="hidden" name="calculationUsage" value="-1,-2,-3"><input type="hidden" name="updateable" value="1"><input type="hidden" name="merge" value="***"><input type="hidden" name="callAjax" value="false"><input class="button process" type="submit" name="Add" value="Add">
</form>
	<!-- END AddToTrolley.jsp -->
        <div class="numberInTrolley hidden numberInTrolley_15832" id="numberInTrolley_15832">
            
        </div>
    
                                        </div>

                                        <!-- BEGIN CatalogEntryRatingsReviewsInfo.jspf --><!-- productAllowedRatingsAndReviews: true -->
    <div class="reviews">
        
            <a class="numberOfReviews" href="http://www.sainsburys.co.uk/shop/gb/groceries/by-sainsburys/sainsburys-butternut-squash---red-pepper-soup-390g#reviews">
                <img src="http://c2.sainsburys.co.uk/wcsstore7.20.1.145/SainsburysStorefrontAssetStore/img/stars/rating-4_9.gif" alt="4.9" border="0">Â  
                Reviews (10)
            </a>
        
    </div>
<!-- END CatalogEntryRatingsReviewsInfo.jspf -->
                                   </div>
                               <!-- Start AddToSubscriptionList.jspf --><!-- Start AddToSubscriptionList.jsp --><!-- End AddToSubscriptionList.jsp --><!-- End AddToSubscriptionList.jspf -->     
                    </div>
                            
                    
    
    <div class="badges">
        <ul>
<li class="lastchild">

                        
                        
                        <img src="/wcsstore7.20.1.145/SainsburysStorefrontAssetStore/wcassets/icons/ico_spacer.gif" alt="Vegetarian">
</li>
                
        </ul>
</div>

                </div>     
            </div>
            <!--ThumbnailRestriction --><!-- END CatalogEntryThumbnailDisplay.jsp -->
	                            </div>
</li>
	                         

	                            <li class="gridItem" style="min-height: 477px;">
	                                <!-- BEGIN CatalogEntryThumbnailDisplay.jsp --><!-- BEGIN MerchandisingAssociationsDisplay.jsp --><!-- Start - JSP File Name:  MerchandisingAssociationsDisplay.jsp --><!-- END MerchandisingAssociationsDisplay.jsp -->
            <div class="product ">
                
                <div class="productInfo">
                    <div class="productNameAndPromotions">
                        
                                  <h3>
                                    <a href="http://www.sainsburys.co.uk/shop/gb/groceries/by-sainsburys/sainsburys-minestrone-soup-400g">
                                        Sainsbury's Minestrone Soup 400g
                                        <img src="http://c2.sainsburys.co.uk/wcsstore7.20.1.145/ExtendedSitesCatalogAssetStore/images/catalog/productImages/51/0000001845051/0000001845051_L.jpeg" alt=""></a>
                                </h3>
                              
                    </div> 
                </div>
                
                <div class="errorBanner hidden" id="error15815"></div>
                <div class="addToTrolleytabBox">   
                    <!--addToTrolleytabBox GRID VIEW --><!-- Start UserSubscribedOrNot.jspf --><!-- Start UserSubscribedOrNot.jsp --><!-- 
			If the user is not logged in, render this opening 
			DIV adding an addtional class to fix the border top which is removed 
			and replaced by the tabs
		-->
		<div class="addToTrolleytabContainer addItemBorderTop">
	<!-- End AddToSubscriptionList.jsp --><!-- End AddSubscriptionList.jspf --><!-- 
                    ATTENTION!!!
                    <div class="addToTrolleytabContainer">
                    This opening div is inside "../../ReusableObjects/UserSubscribedOrNot.jsp"
                    -->
                    <div class="pricingAndTrolleyOptions">
                    	
                                    <div class="priceTab priceTabContainer activeContainer addItem" id="addItem_15815">
                                       <div class="pricing">
                                           
	<p class="pricePerUnit">
    Â£0.50<abbr title="per">/</abbr><abbr title="unit"><span class="pricePerUnitUnit">unit</span></abbr>
</p>
 
    <p class="pricePerMeasure">Â£0.13<abbr title="per">/</abbr>100<abbr title="gram"><span class="pricePerMeasureMeasure">g</span></abbr>
    </p>

                                       </div>                                      

                                     
                                        <div class="addToTrolleyForm "> 
                                           <!-- BEGIN AddToTrolley.jsp -->

		<form class="addToTrolleyForm" name="OrderItemAddForm_15815" action="OrderItemAdd" method="post" id="OrderItemAddForm_15815">
		    <input type="hidden" name="storeId" value="10151"><input type="hidden" name="langId" value="44"><input type="hidden" name="catalogId" value="10241"><input type="hidden" name="errorViewName" value="CategoryDisplayView"><input type="hidden" name="SKU_ID" value="7569426"><input type="hidden" name="itemType" value=""><label class="access" for="quantity_15814">Quantity</label>
		        
					<input name="quantity" id="quantity_15814" type="text" size="3" value="1" class="quantity"><input type="hidden" name="catEntryId" value="15815"><input type="hidden" name="productId" value="15814"><input type="hidden" name="URL" value="http://www.sainsburys.co.uk/webapp/wcs/stores/servlet/CategoryDisplay?msg=&amp;langId=44&amp;storeId=10151&amp;krypto=dWRBEruPqAfbVyAqf1RFlIRbFBNh1P3L1cpaRI7ENFt%2FNTfEPCN1eEciR3ynWr3XBSzviVwUDbrjFfBvxPX5AY669CVYyRJYq%2FUKhjkyBwm7A8JbQdXyGogMwMKAT8EFeRuhFOt3YxLgIkPF9MBMUHU3R5B29wmqXOeee4Ntg7Q%3D&amp;ddkey=http%3Agb%2Fgroceries%2Ffood-cupboard%2Fby-sainsburys"><input type="hidden" name="page" value=""><input type="hidden" name="contractId" value=""><input type="hidden" name="calculateOrder" value="1"><input type="hidden" name="calculationUsage" value="-1,-2,-3"><input type="hidden" name="updateable" value="1"><input type="hidden" name="merge" value="***"><input type="hidden" name="callAjax" value="false"><input class="button process" type="submit" name="Add" value="Add">
</form>
	<!-- END AddToTrolley.jsp -->
        <div class="numberInTrolley hidden numberInTrolley_15814" id="numberInTrolley_15814">
            
        </div>
    
                                        </div>

                                        <!-- BEGIN CatalogEntryRatingsReviewsInfo.jspf --><!-- productAllowedRatingsAndReviews: true -->
    <div class="reviews">
        
            <a class="numberOfReviews" href="http://www.sainsburys.co.uk/shop/gb/groceries/by-sainsburys/sainsburys-minestrone-soup-400g#reviews">
                <img src="http://c2.sainsburys.co.uk/wcsstore7.20.1.145/SainsburysStorefrontAssetStore/img/stars/rating-4_8.gif" alt="4.8" border="0">Â  
                Reviews (5)
            </a>
        
    </div>
<!-- END CatalogEntryRatingsReviewsInfo.jspf -->
                                   </div>
                               <!-- Start AddToSubscriptionList.jspf --><!-- Start AddToSubscriptionList.jsp --><!-- End AddToSubscriptionList.jsp --><!-- End AddToSubscriptionList.jspf -->     
                    </div>
                            
                    
    
    <div class="badges">
        <ul>
<li class="lastchild">

                        
                        
                        <img src="/wcsstore7.20.1.145/SainsburysStorefrontAssetStore/wcassets/icons/ico_spacer.gif" alt="Vegetarian">
</li>
                
        </ul>
</div>

                </div>     
            </div>
            <!--ThumbnailRestriction --><!-- END CatalogEntryThumbnailDisplay.jsp -->
	                            </div>
</li>
	                         

	                            <li class="gridItem" style="min-height: 477px;">
	                                <!-- BEGIN CatalogEntryThumbnailDisplay.jsp --><!-- BEGIN MerchandisingAssociationsDisplay.jsp --><!-- Start - JSP File Name:  MerchandisingAssociationsDisplay.jsp --><!-- END MerchandisingAssociationsDisplay.jsp -->
            <div class="product ">
                
                <div class="productInfo">
                    <div class="productNameAndPromotions">
                        
                                  <h3>
                                    <a href="http://www.sainsburys.co.uk/shop/gb/groceries/by-sainsburys/sainsburys-oxtail-soup-400g-7575501-p-44">
                                        Sainsbury's Oxtail Soup 400g
                                        <img src="http://c2.sainsburys.co.uk/wcsstore7.20.1.145/ExtendedSitesCatalogAssetStore/images/catalog/productImages/76/0000001851076/0000001851076_L.jpeg" alt=""></a>
                                </h3>
                              
                    </div> 
                </div>
                
                <div class="errorBanner hidden" id="error15945"></div>
                <div class="addToTrolleytabBox">   
                    <!--addToTrolleytabBox GRID VIEW --><!-- Start UserSubscribedOrNot.jspf --><!-- Start UserSubscribedOrNot.jsp --><!-- 
			If the user is not logged in, render this opening 
			DIV adding an addtional class to fix the border top which is removed 
			and replaced by the tabs
		-->
		<div class="addToTrolleytabContainer addItemBorderTop">
	<!-- End AddToSubscriptionList.jsp --><!-- End AddSubscriptionList.jspf --><!-- 
                    ATTENTION!!!
                    <div class="addToTrolleytabContainer">
                    This opening div is inside "../../ReusableObjects/UserSubscribedOrNot.jsp"
                    -->
                    <div class="pricingAndTrolleyOptions">
                    	
                                    <div class="priceTab priceTabContainer activeContainer addItem" id="addItem_15945">
                                       <div class="pricing">
                                           
	<p class="pricePerUnit">
    Â£0.50<abbr title="per">/</abbr><abbr title="unit"><span class="pricePerUnitUnit">unit</span></abbr>
</p>
 
    <p class="pricePerMeasure">Â£0.13<abbr title="per">/</abbr>100<abbr title="gram"><span class="pricePerMeasureMeasure">g</span></abbr>
    </p>

                                       </div>                                      

                                     
                                        <div class="addToTrolleyForm "> 
                                           <!-- BEGIN AddToTrolley.jsp -->

		<form class="addToTrolleyForm" name="OrderItemAddForm_15945" action="OrderItemAdd" method="post" id="OrderItemAddForm_15945">
		    <input type="hidden" name="storeId" value="10151"><input type="hidden" name="langId" value="44"><input type="hidden" name="catalogId" value="10241"><input type="hidden" name="errorViewName" value="CategoryDisplayView"><input type="hidden" name="SKU_ID" value="7575501"><input type="hidden" name="itemType" value=""><label class="access" for="quantity_15944">Quantity</label>
		        
					<input name="quantity" id="quantity_15944" type="text" size="3" value="1" class="quantity"><input type="hidden" name="catEntryId" value="15945"><input type="hidden" name="productId" value="15944"><input type="hidden" name="URL" value="http://www.sainsburys.co.uk/webapp/wcs/stores/servlet/CategoryDisplay?msg=&amp;langId=44&amp;storeId=10151&amp;krypto=dWRBEruPqAfbVyAqf1RFlIRbFBNh1P3L1cpaRI7ENFt%2FNTfEPCN1eEciR3ynWr3XBSzviVwUDbrjFfBvxPX5AY669CVYyRJYq%2FUKhjkyBwm7A8JbQdXyGogMwMKAT8EFeRuhFOt3YxLgIkPF9MBMUHU3R5B29wmqXOeee4Ntg7Q%3D&amp;ddkey=http%3Agb%2Fgroceries%2Ffood-cupboard%2Fby-sainsburys"><input type="hidden" name="page" value=""><input type="hidden" name="contractId" value=""><input type="hidden" name="calculateOrder" value="1"><input type="hidden" name="calculationUsage" value="-1,-2,-3"><input type="hidden" name="updateable" value="1"><input type="hidden" name="merge" value="***"><input type="hidden" name="callAjax" value="false"><input class="button process" type="submit" name="Add" value="Add">
</form>
	<!-- END AddToTrolley.jsp -->
        <div class="numberInTrolley hidden numberInTrolley_15944" id="numberInTrolley_15944">
            
        </div>
    
                                        </div>

                                        <!-- BEGIN CatalogEntryRatingsReviewsInfo.jspf --><!-- productAllowedRatingsAndReviews: true -->
    <div class="reviews">
        
            <a class="numberOfReviews" href="http://www.sainsburys.co.uk/shop/gb/groceries/by-sainsburys/sainsburys-oxtail-soup-400g-7575501-p-44#reviews">
                <img src="http://c2.sainsburys.co.uk/wcsstore7.20.1.145/SainsburysStorefrontAssetStore/img/stars/rating-5_0.gif" alt="5.0" border="0">Â  
                Reviews (2)
            </a>
        
    </div>
<!-- END CatalogEntryRatingsReviewsInfo.jspf -->
                                   </div>
                               <!-- Start AddToSubscriptionList.jspf --><!-- Start AddToSubscriptionList.jsp --><!-- End AddToSubscriptionList.jsp --><!-- End AddToSubscriptionList.jspf -->     
                    </div>
                            
                    
                </div>     
            </div>
            <!--ThumbnailRestriction --><!-- END CatalogEntryThumbnailDisplay.jsp -->
	                            </div>
</li>
	                         

	                            <li class="gridItem" style="min-height: 477px;">
	                                <!-- BEGIN CatalogEntryThumbnailDisplay.jsp --><!-- BEGIN MerchandisingAssociationsDisplay.jsp --><!-- Start - JSP File Name:  MerchandisingAssociationsDisplay.jsp --><!-- END MerchandisingAssociationsDisplay.jsp -->
            <div class="product ">
                
                <div class="productInfo">
                    <div class="productNameAndPromotions">
                        
                                  <h3>
                                    <a href="http://www.sainsburys.co.uk/shop/gb/groceries/by-sainsburys/sainsburys-carrot---coriander-soup-400g">
                                        Sainsbury's Carrot &amp; Coriander Soup 400g
                                        <img src="http://c2.sainsburys.co.uk/wcsstore7.20.1.145/ExtendedSitesCatalogAssetStore/images/catalog/productImages/75/0000001845075/0000001845075_L.jpeg" alt=""></a>
                                </h3>
                              
                    </div> 
                </div>
                
                <div class="errorBanner hidden" id="error15819"></div>
                <div class="addToTrolleytabBox">   
                    <!--addToTrolleytabBox GRID VIEW --><!-- Start UserSubscribedOrNot.jspf --><!-- Start UserSubscribedOrNot.jsp --><!-- 
			If the user is not logged in, render this opening 
			DIV adding an addtional class to fix the border top which is removed 
			and replaced by the tabs
		-->
		<div class="addToTrolleytabContainer addItemBorderTop">
	<!-- End AddToSubscriptionList.jsp --><!-- End AddSubscriptionList.jspf --><!-- 
                    ATTENTION!!!
                    <div class="addToTrolleytabContainer">
                    This opening div is inside "../../ReusableObjects/UserSubscribedOrNot.jsp"
                    -->
                    <div class="pricingAndTrolleyOptions">
                    	
                                    <div class="priceTab priceTabContainer activeContainer addItem" id="addItem_15819">
                                       <div class="pricing">
                                           
	<p class="pricePerUnit">
    Â£0.50<abbr title="per">/</abbr><abbr title="unit"><span class="pricePerUnitUnit">unit</span></abbr>
</p>
 
    <p class="pricePerMeasure">Â£0.13<abbr title="per">/</abbr>100<abbr title="gram"><span class="pricePerMeasureMeasure">g</span></abbr>
    </p>

                                       </div>                                      

                                     
                                        <div class="addToTrolleyForm "> 
                                           <!-- BEGIN AddToTrolley.jsp -->

		<form class="addToTrolleyForm" name="OrderItemAddForm_15819" action="OrderItemAdd" method="post" id="OrderItemAddForm_15819">
		    <input type="hidden" name="storeId" value="10151"><input type="hidden" name="langId" value="44"><input type="hidden" name="catalogId" value="10241"><input type="hidden" name="errorViewName" value="CategoryDisplayView"><input type="hidden" name="SKU_ID" value="7569430"><input type="hidden" name="itemType" value=""><label class="access" for="quantity_15818">Quantity</label>
		        
					<input name="quantity" id="quantity_15818" type="text" size="3" value="1" class="quantity"><input type="hidden" name="catEntryId" value="15819"><input type="hidden" name="productId" value="15818"><input type="hidden" name="URL" value="http://www.sainsburys.co.uk/webapp/wcs/stores/servlet/CategoryDisplay?msg=&amp;langId=44&amp;storeId=10151&amp;krypto=dWRBEruPqAfbVyAqf1RFlIRbFBNh1P3L1cpaRI7ENFt%2FNTfEPCN1eEciR3ynWr3XBSzviVwUDbrjFfBvxPX5AY669CVYyRJYq%2FUKhjkyBwm7A8JbQdXyGogMwMKAT8EFeRuhFOt3YxLgIkPF9MBMUHU3R5B29wmqXOeee4Ntg7Q%3D&amp;ddkey=http%3Agb%2Fgroceries%2Ffood-cupboard%2Fby-sainsburys"><input type="hidden" name="page" value=""><input type="hidden" name="contractId" value=""><input type="hidden" name="calculateOrder" value="1"><input type="hidden" name="calculationUsage" value="-1,-2,-3"><input type="hidden" name="updateable" value="1"><input type="hidden" name="merge" value="***"><input type="hidden" name="callAjax" value="false"><input class="button process" type="submit" name="Add" value="Add">
</form>
	<!-- END AddToTrolley.jsp -->
        <div class="numberInTrolley hidden numberInTrolley_15818" id="numberInTrolley_15818">
            
        </div>
    
                                        </div>

                                        <!-- BEGIN CatalogEntryRatingsReviewsInfo.jspf --><!-- productAllowedRatingsAndReviews: true -->
    <div class="reviews">
        
            <a class="numberOfReviews" href="http://www.sainsburys.co.uk/shop/gb/groceries/by-sainsburys/sainsburys-carrot---coriander-soup-400g#reviews">
                <img src="http://c2.sainsburys.co.uk/wcsstore7.20.1.145/SainsburysStorefrontAssetStore/img/stars/rating-4_4.gif" alt="4.4444" border="0">Â  
                Reviews (9)
            </a>
        
    </div>
<!-- END CatalogEntryRatingsReviewsInfo.jspf -->
                                   </div>
                               <!-- Start AddToSubscriptionList.jspf --><!-- Start AddToSubscriptionList.jsp --><!-- End AddToSubscriptionList.jsp --><!-- End AddToSubscriptionList.jspf -->     
                    </div>
                            
                    
    
    <div class="badges">
        <ul>
<li class="lastchild">

                        
                        
                        <img src="/wcsstore7.20.1.145/SainsburysStorefrontAssetStore/wcassets/icons/ico_spacer.gif" alt="Vegetarian">
</li>
                
        </ul>
</div>

                </div>     
            </div>
            <!--ThumbnailRestriction --><!-- END CatalogEntryThumbnailDisplay.jsp -->
	                            </div>
</li>
	                         

	                            <li class="gridItem" style="min-height: 477px;">
	                                <!-- BEGIN CatalogEntryThumbnailDisplay.jsp --><!-- BEGIN MerchandisingAssociationsDisplay.jsp --><!-- Start - JSP File Name:  MerchandisingAssociationsDisplay.jsp --><!-- END MerchandisingAssociationsDisplay.jsp -->
            <div class="product ">
                
                <div class="productInfo">
                    <div class="productNameAndPromotions">
                        
                                  <h3>
                                    <a href="http://www.sainsburys.co.uk/shop/gb/groceries/by-sainsburys/sainsburys-broccoli---stilton-soup-400g">
                                        Sainsbury's Broccoli &amp; Stilton Soup 400g
                                        <img src="http://c2.sainsburys.co.uk/wcsstore7.20.1.145/ExtendedSitesCatalogAssetStore/images/catalog/productImages/11/0000001845211/0000001845211_L.jpeg" alt=""></a>
                                </h3>
                              
                    </div> 
                </div>
                
                <div class="errorBanner hidden" id="error15837"></div>
                <div class="addToTrolleytabBox">   
                    <!--addToTrolleytabBox GRID VIEW --><!-- Start UserSubscribedOrNot.jspf --><!-- Start UserSubscribedOrNot.jsp --><!-- 
			If the user is not logged in, render this opening 
			DIV adding an addtional class to fix the border top which is removed 
			and replaced by the tabs
		-->
		<div class="addToTrolleytabContainer addItemBorderTop">
	<!-- End AddToSubscriptionList.jsp --><!-- End AddSubscriptionList.jspf --><!-- 
                    ATTENTION!!!
                    <div class="addToTrolleytabContainer">
                    This opening div is inside "../../ReusableObjects/UserSubscribedOrNot.jsp"
                    -->
                    <div class="pricingAndTrolleyOptions">
                    	
                                    <div class="priceTab priceTabContainer activeContainer addItem" id="addItem_15837">
                                       <div class="pricing">
                                           
	<p class="pricePerUnit">
    Â£0.50<abbr title="per">/</abbr><abbr title="unit"><span class="pricePerUnitUnit">unit</span></abbr>
</p>
 
    <p class="pricePerMeasure">Â£0.13<abbr title="per">/</abbr>100<abbr title="gram"><span class="pricePerMeasureMeasure">g</span></abbr>
    </p>

                                       </div>                                      

                                     
                                        <div class="addToTrolleyForm "> 
                                           <!-- BEGIN AddToTrolley.jsp -->

		<form class="addToTrolleyForm" name="OrderItemAddForm_15837" action="OrderItemAdd" method="post" id="OrderItemAddForm_15837">
		    <input type="hidden" name="storeId" value="10151"><input type="hidden" name="langId" value="44"><input type="hidden" name="catalogId" value="10241"><input type="hidden" name="errorViewName" value="CategoryDisplayView"><input type="hidden" name="SKU_ID" value="7569453"><input type="hidden" name="itemType" value=""><label class="access" for="quantity_15836">Quantity</label>
		        
					<input name="quantity" id="quantity_15836" type="text" size="3" value="1" class="quantity"><input type="hidden" name="catEntryId" value="15837"><input type="hidden" name="productId" value="15836"><input type="hidden" name="URL" value="http://www.sainsburys.co.uk/webapp/wcs/stores/servlet/CategoryDisplay?msg=&amp;langId=44&amp;storeId=10151&amp;krypto=dWRBEruPqAfbVyAqf1RFlIRbFBNh1P3L1cpaRI7ENFt%2FNTfEPCN1eEciR3ynWr3XBSzviVwUDbrjFfBvxPX5AY669CVYyRJYq%2FUKhjkyBwm7A8JbQdXyGogMwMKAT8EFeRuhFOt3YxLgIkPF9MBMUHU3R5B29wmqXOeee4Ntg7Q%3D&amp;ddkey=http%3Agb%2Fgroceries%2Ffood-cupboard%2Fby-sainsburys"><input type="hidden" name="page" value=""><input type="hidden" name="contractId" value=""><input type="hidden" name="calculateOrder" value="1"><input type="hidden" name="calculationUsage" value="-1,-2,-3"><input type="hidden" name="updateable" value="1"><input type="hidden" name="merge" value="***"><input type="hidden" name="callAjax" value="false"><input class="button process" type="submit" name="Add" value="Add">
</form>
	<!-- END AddToTrolley.jsp -->
        <div class="numberInTrolley hidden numberInTrolley_15836" id="numberInTrolley_15836">
            
        </div>
    
                                        </div>

                                        <!-- BEGIN CatalogEntryRatingsReviewsInfo.jspf --><!-- productAllowedRatingsAndReviews: true -->
    <div class="reviews">
        
            <a class="numberOfReviews" href="http://www.sainsburys.co.uk/shop/gb/groceries/by-sainsburys/sainsburys-broccoli---stilton-soup-400g#reviews">
                <img src="http://c2.sainsburys.co.uk/wcsstore7.20.1.145/SainsburysStorefrontAssetStore/img/stars/rating-3_2.gif" alt="3.1667" border="0">Â  
                Reviews (12)
            </a>
        
    </div>
<!-- END CatalogEntryRatingsReviewsInfo.jspf -->
                                   </div>
                               <!-- Start AddToSubscriptionList.jspf --><!-- Start AddToSubscriptionList.jsp --><!-- End AddToSubscriptionList.jsp --><!-- End AddToSubscriptionList.jspf -->     
                    </div>
                            
                    
    
    <div class="badges">
        <ul>
<li class="lastchild">

                        
                        
                        <img src="/wcsstore7.20.1.145/SainsburysStorefrontAssetStore/wcassets/icons/ico_spacer.gif" alt="Vegetarian">
</li>
                
        </ul>
</div>

                </div>     
            </div>
            <!--ThumbnailRestriction --><!-- END CatalogEntryThumbnailDisplay.jsp -->
	                            </div>
</li>
	                         

	                            <li class="gridItem" style="min-height: 477px;">
	                                <!-- BEGIN CatalogEntryThumbnailDisplay.jsp --><!-- BEGIN MerchandisingAssociationsDisplay.jsp --><!-- Start - JSP File Name:  MerchandisingAssociationsDisplay.jsp --><!-- END MerchandisingAssociationsDisplay.jsp -->
            <div class="product ">
                
                <div class="productInfo">
                    <div class="productNameAndPromotions">
                        
                                  <h3>
                                    <a href="http://www.sainsburys.co.uk/shop/gb/groceries/by-sainsburys/sainsburys-tomato---spicy-lentil-soup--be-good-to-yourself-400g">
                                        Sainsbury's Tomato &amp; Spicy Lentil Soup, Be Good To Yourself 400g
                                        <img src="http://c2.sainsburys.co.uk/wcsstore7.20.1.145/ExtendedSitesCatalogAssetStore/images/catalog/productImages/03/0000001851403/0000001851403_L.jpeg" alt=""></a>
                                </h3>
                              
                    </div> 
                </div>
                
                <div class="errorBanner hidden" id="error15979"></div>
                <div class="addToTrolleytabBox">   
                    <!--addToTrolleytabBox GRID VIEW --><!-- Start UserSubscribedOrNot.jspf --><!-- Start UserSubscribedOrNot.jsp --><!-- 
			If the user is not logged in, render this opening 
			DIV adding an addtional class to fix the border top which is removed 
			and replaced by the tabs
		-->
		<div class="addToTrolleytabContainer addItemBorderTop">
	<!-- End AddToSubscriptionList.jsp --><!-- End AddSubscriptionList.jspf --><!-- 
                    ATTENTION!!!
                    <div class="addToTrolleytabContainer">
                    This opening div is inside "../../ReusableObjects/UserSubscribedOrNot.jsp"
                    -->
                    <div class="pricingAndTrolleyOptions">
                    	
                                    <div class="priceTab priceTabContainer activeContainer addItem" id="addItem_15979">
                                       <div class="pricing">
                                           
	<p class="pricePerUnit">
    Â£0.50<abbr title="per">/</abbr><abbr title="unit"><span class="pricePerUnitUnit">unit</span></abbr>
</p>
 
    <p class="pricePerMeasure">Â£0.13<abbr title="per">/</abbr>100<abbr title="gram"><span class="pricePerMeasureMeasure">g</span></abbr>
    </p>

                                       </div>                                      

                                     
                                        <div class="addToTrolleyForm "> 
                                           <!-- BEGIN AddToTrolley.jsp -->

		<form class="addToTrolleyForm" name="OrderItemAddForm_15979" action="OrderItemAdd" method="post" id="OrderItemAddForm_15979">
		    <input type="hidden" name="storeId" value="10151"><input type="hidden" name="langId" value="44"><input type="hidden" name="catalogId" value="10241"><input type="hidden" name="errorViewName" value="CategoryDisplayView"><input type="hidden" name="SKU_ID" value="7575823"><input type="hidden" name="itemType" value=""><label class="access" for="quantity_15978">Quantity</label>
		        
					<input name="quantity" id="quantity_15978" type="text" size="3" value="1" class="quantity"><input type="hidden" name="catEntryId" value="15979"><input type="hidden" name="productId" value="15978"><input type="hidden" name="URL" value="http://www.sainsburys.co.uk/webapp/wcs/stores/servlet/CategoryDisplay?msg=&amp;langId=44&amp;storeId=10151&amp;krypto=dWRBEruPqAfbVyAqf1RFlIRbFBNh1P3L1cpaRI7ENFt%2FNTfEPCN1eEciR3ynWr3XBSzviVwUDbrjFfBvxPX5AY669CVYyRJYq%2FUKhjkyBwm7A8JbQdXyGogMwMKAT8EFeRuhFOt3YxLgIkPF9MBMUHU3R5B29wmqXOeee4Ntg7Q%3D&amp;ddkey=http%3Agb%2Fgroceries%2Ffood-cupboard%2Fby-sainsburys"><input type="hidden" name="page" value=""><input type="hidden" name="contractId" value=""><input type="hidden" name="calculateOrder" value="1"><input type="hidden" name="calculationUsage" value="-1,-2,-3"><input type="hidden" name="updateable" value="1"><input type="hidden" name="merge" value="***"><input type="hidden" name="callAjax" value="false"><input class="button process" type="submit" name="Add" value="Add">
</form>
	<!-- END AddToTrolley.jsp -->
        <div class="numberInTrolley hidden numberInTrolley_15978" id="numberInTrolley_15978">
            
        </div>
    
                                        </div>

                                        <!-- BEGIN CatalogEntryRatingsReviewsInfo.jspf --><!-- productAllowedRatingsAndReviews: true -->
    <div class="reviews">
        
            <a class="numberOfReviews" href="http://www.sainsburys.co.uk/shop/gb/groceries/by-sainsburys/sainsburys-tomato---spicy-lentil-soup--be-good-to-yourself-400g#reviews">
                <img src="http://c2.sainsburys.co.uk/wcsstore7.20.1.145/SainsburysStorefrontAssetStore/img/stars/rating-4_0.gif" alt="4.0" border="0">Â  
                Reviews (10)
            </a>
        
    </div>
<!-- END CatalogEntryRatingsReviewsInfo.jspf -->
                                   </div>
                               <!-- Start AddToSubscriptionList.jspf --><!-- Start AddToSubscriptionList.jsp --><!-- End AddToSubscriptionList.jsp --><!-- End AddToSubscriptionList.jspf -->     
                    </div>
                            
                    
                </div>     
            </div>
            <!--ThumbnailRestriction --><!-- END CatalogEntryThumbnailDisplay.jsp -->
	                            </div>
</li>
	                         

	                            <li class="gridItem" style="min-height: 477px;">
	                                <!-- BEGIN CatalogEntryThumbnailDisplay.jsp --><!-- BEGIN MerchandisingAssociationsDisplay.jsp --><!-- Start - JSP File Name:  MerchandisingAssociationsDisplay.jsp --><!-- END MerchandisingAssociationsDisplay.jsp -->
            <div class="product ">
                
                <div class="productInfo">
                    <div class="productNameAndPromotions">
                        
                                  <h3>
                                    <a href="http://www.sainsburys.co.uk/shop/gb/groceries/by-sainsburys/sainsburys-cream-of-tomato-soup-4-pack-4x400g">
                                        Sainsbury's Cream Of Tomato Soup 4x400g
                                        <img src="http://c2.sainsburys.co.uk/wcsstore7.20.1.145/ExtendedSitesCatalogAssetStore/images/catalog/productImages/18/0000001228618/0000001228618_L.jpeg" alt=""></a>
                                </h3>
                              
                    </div> 
                </div>
                
                <div class="errorBanner hidden" id="error15933"></div>
                <div class="addToTrolleytabBox">   
                    <!--addToTrolleytabBox GRID VIEW --><!-- Start UserSubscribedOrNot.jspf --><!-- Start UserSubscribedOrNot.jsp --><!-- 
			If the user is not logged in, render this opening 
			DIV adding an addtional class to fix the border top which is removed 
			and replaced by the tabs
		-->
		<div class="addToTrolleytabContainer addItemBorderTop">
	<!-- End AddToSubscriptionList.jsp --><!-- End AddSubscriptionList.jspf --><!-- 
                    ATTENTION!!!
                    <div class="addToTrolleytabContainer">
                    This opening div is inside "../../ReusableObjects/UserSubscribedOrNot.jsp"
                    -->
                    <div class="pricingAndTrolleyOptions">
                    	
                                    <div class="priceTab priceTabContainer activeContainer addItem" id="addItem_15933">
                                       <div class="pricing">
                                           
	<p class="pricePerUnit">
    Â£1.90<abbr title="per">/</abbr><abbr title="unit"><span class="pricePerUnitUnit">unit</span></abbr>
</p>
 
    <p class="pricePerMeasure">Â£0.12<abbr title="per">/</abbr>100<abbr title="gram"><span class="pricePerMeasureMeasure">g</span></abbr>
    </p>

                                       </div>                                      

                                     
                                        <div class="addToTrolleyForm "> 
                                           <!-- BEGIN AddToTrolley.jsp -->

		<form class="addToTrolleyForm" name="OrderItemAddForm_15933" action="OrderItemAdd" method="post" id="OrderItemAddForm_15933">
		    <input type="hidden" name="storeId" value="10151"><input type="hidden" name="langId" value="44"><input type="hidden" name="catalogId" value="10241"><input type="hidden" name="errorViewName" value="CategoryDisplayView"><input type="hidden" name="SKU_ID" value="7575395"><input type="hidden" name="itemType" value=""><label class="access" for="quantity_15932">Quantity</label>
		        
					<input name="quantity" id="quantity_15932" type="text" size="3" value="1" class="quantity"><input type="hidden" name="catEntryId" value="15933"><input type="hidden" name="productId" value="15932"><input type="hidden" name="URL" value="http://www.sainsburys.co.uk/webapp/wcs/stores/servlet/CategoryDisplay?msg=&amp;langId=44&amp;storeId=10151&amp;krypto=dWRBEruPqAfbVyAqf1RFlIRbFBNh1P3L1cpaRI7ENFt%2FNTfEPCN1eEciR3ynWr3XBSzviVwUDbrjFfBvxPX5AY669CVYyRJYq%2FUKhjkyBwm7A8JbQdXyGogMwMKAT8EFeRuhFOt3YxLgIkPF9MBMUHU3R5B29wmqXOeee4Ntg7Q%3D&amp;ddkey=http%3Agb%2Fgroceries%2Ffood-cupboard%2Fby-sainsburys"><input type="hidden" name="page" value=""><input type="hidden" name="contractId" value=""><input type="hidden" name="calculateOrder" value="1"><input type="hidden" name="calculationUsage" value="-1,-2,-3"><input type="hidden" name="updateable" value="1"><input type="hidden" name="merge" value="***"><input type="hidden" name="callAjax" value="false"><input class="button process" type="submit" name="Add" value="Add">
</form>
	<!-- END AddToTrolley.jsp -->
        <div class="numberInTrolley hidden numberInTrolley_15932" id="numberInTrolley_15932">
            
        </div>
    
                                        </div>

                                        <!-- BEGIN CatalogEntryRatingsReviewsInfo.jspf --><!-- productAllowedRatingsAndReviews: true -->
    <div class="reviews">
        
            <a class="numberOfReviews" href="http://www.sainsburys.co.uk/shop/gb/groceries/by-sainsburys/sainsburys-cream-of-tomato-soup-4-pack-4x400g#reviews">
                <img src="http://c2.sainsburys.co.uk/wcsstore7.20.1.145/SainsburysStorefrontAssetStore/img/stars/rating-5_0.gif" alt="5.0" border="0">Â  
                Reviews (4)
            </a>
        
    </div>
<!-- END CatalogEntryRatingsReviewsInfo.jspf -->
                                   </div>
                               <!-- Start AddToSubscriptionList.jspf --><!-- Start AddToSubscriptionList.jsp --><!-- End AddToSubscriptionList.jsp --><!-- End AddToSubscriptionList.jspf -->     
                    </div>
                            
                    
                </div>     
            </div>
            <!--ThumbnailRestriction --><!-- END CatalogEntryThumbnailDisplay.jsp -->
	                            </div>
</li>
	                         

	                            <li class="gridItem" style="min-height: 477px;">
	                                <!-- BEGIN CatalogEntryThumbnailDisplay.jsp --><!-- BEGIN MerchandisingAssociationsDisplay.jsp --><!-- Start - JSP File Name:  MerchandisingAssociationsDisplay.jsp --><!-- END MerchandisingAssociationsDisplay.jsp -->
            <div class="product ">
                
                <div class="productInfo">
                    <div class="productNameAndPromotions">
                        
                                  <h3>
                                    <a href="http://www.sainsburys.co.uk/shop/gb/groceries/by-sainsburys/sainsburys-pea---ham-soup-400g">
                                        Sainsbury's Pea &amp; Ham Soup 400g
                                        <img src="http://c2.sainsburys.co.uk/wcsstore7.20.1.145/ExtendedSitesCatalogAssetStore/images/catalog/productImages/86/0000001851786/0000001851786_L.jpeg" alt=""></a>
                                </h3>
                              
                    </div> 
                </div>
                
                <div class="errorBanner hidden" id="error15993"></div>
                <div class="addToTrolleytabBox">   
                    <!--addToTrolleytabBox GRID VIEW --><!-- Start UserSubscribedOrNot.jspf --><!-- Start UserSubscribedOrNot.jsp --><!-- 
			If the user is not logged in, render this opening 
			DIV adding an addtional class to fix the border top which is removed 
			and replaced by the tabs
		-->
		<div class="addToTrolleytabContainer addItemBorderTop">
	<!-- End AddToSubscriptionList.jsp --><!-- End AddSubscriptionList.jspf --><!-- 
                    ATTENTION!!!
                    <div class="addToTrolleytabContainer">
                    This opening div is inside "../../ReusableObjects/UserSubscribedOrNot.jsp"
                    -->
                    <div class="pricingAndTrolleyOptions">
                    	
                                    <div class="priceTab priceTabContainer activeContainer addItem" id="addItem_15993">
                                       <div class="pricing">
                                           
	<p class="pricePerUnit">
    Â£0.50<abbr title="per">/</abbr><abbr title="unit"><span class="pricePerUnitUnit">unit</span></abbr>
</p>
 
    <p class="pricePerMeasure">Â£0.13<abbr title="per">/</abbr>100<abbr title="gram"><span class="pricePerMeasureMeasure">g</span></abbr>
    </p>

                                       </div>                                      

                                     
                                        <div class="addToTrolleyForm "> 
                                           <!-- BEGIN AddToTrolley.jsp -->

		<form class="addToTrolleyForm" name="OrderItemAddForm_15993" action="OrderItemAdd" method="post" id="OrderItemAddForm_15993">
		    <input type="hidden" name="storeId" value="10151"><input type="hidden" name="langId" value="44"><input type="hidden" name="catalogId" value="10241"><input type="hidden" name="errorViewName" value="CategoryDisplayView"><input type="hidden" name="SKU_ID" value="7576167"><input type="hidden" name="itemType" value=""><label class="access" for="quantity_15992">Quantity</label>
		        
					<input name="quantity" id="quantity_15992" type="text" size="3" value="1" class="quantity"><input type="hidden" name="catEntryId" value="15993"><input type="hidden" name="productId" value="15992"><input type="hidden" name="URL" value="http://www.sainsburys.co.uk/webapp/wcs/stores/servlet/CategoryDisplay?msg=&amp;langId=44&amp;storeId=10151&amp;krypto=dWRBEruPqAfbVyAqf1RFlIRbFBNh1P3L1cpaRI7ENFt%2FNTfEPCN1eEciR3ynWr3XBSzviVwUDbrjFfBvxPX5AY669CVYyRJYq%2FUKhjkyBwm7A8JbQdXyGogMwMKAT8EFeRuhFOt3YxLgIkPF9MBMUHU3R5B29wmqXOeee4Ntg7Q%3D&amp;ddkey=http%3Agb%2Fgroceries%2Ffood-cupboard%2Fby-sainsburys"><input type="hidden" name="page" value=""><input type="hidden" name="contractId" value=""><input type="hidden" name="calculateOrder" value="1"><input type="hidden" name="calculationUsage" value="-1,-2,-3"><input type="hidden" name="updateable" value="1"><input type="hidden" name="merge" value="***"><input type="hidden" name="callAjax" value="false"><input class="button process" type="submit" name="Add" value="Add">
</form>
	<!-- END AddToTrolley.jsp -->
        <div class="numberInTrolley hidden numberInTrolley_15992" id="numberInTrolley_15992">
            
        </div>
    
                                        </div>

                                        <!-- BEGIN CatalogEntryRatingsReviewsInfo.jspf --><!-- productAllowedRatingsAndReviews: true -->
    <div class="reviews">
        
            <a class="numberOfReviews" href="http://www.sainsburys.co.uk/shop/gb/groceries/by-sainsburys/sainsburys-pea---ham-soup-400g#reviews">
                <img src="http://c2.sainsburys.co.uk/wcsstore7.20.1.145/SainsburysStorefrontAssetStore/img/stars/rating-2_8.gif" alt="2.75" border="0">Â  
                Reviews (4)
            </a>
        
    </div>
<!-- END CatalogEntryRatingsReviewsInfo.jspf -->
                                   </div>
                               <!-- Start AddToSubscriptionList.jspf --><!-- Start AddToSubscriptionList.jsp --><!-- End AddToSubscriptionList.jsp --><!-- End AddToSubscriptionList.jspf -->     
                    </div>
                            
                    
                </div>     
            </div>
            <!--ThumbnailRestriction --><!-- END CatalogEntryThumbnailDisplay.jsp -->
	                            </div>
</li>
	                         

	                            <li class="gridItem" style="min-height: 477px;">
	                                <!-- BEGIN CatalogEntryThumbnailDisplay.jsp --><!-- BEGIN MerchandisingAssociationsDisplay.jsp --><!-- Start - JSP File Name:  MerchandisingAssociationsDisplay.jsp --><!-- END MerchandisingAssociationsDisplay.jsp -->
            <div class="product ">
                
                <div class="productInfo">
                    <div class="productNameAndPromotions">
                        
                                  <h3>
                                    <a href="http://www.sainsburys.co.uk/shop/gb/groceries/by-sainsburys/sainsburys-leek---potato-soup-400g">
                                        Sainsbury's Leek &amp; Potato Soup 400g
                                        <img src="http://c2.sainsburys.co.uk/wcsstore7.20.1.145/ExtendedSitesCatalogAssetStore/images/catalog/productImages/68/0000001845068/0000001845068_L.jpeg" alt=""></a>
                                </h3>
                              
                    </div> 
                </div>
                
                <div class="errorBanner hidden" id="error15817"></div>
                <div class="addToTrolleytabBox">   
                    <!--addToTrolleytabBox GRID VIEW --><!-- Start UserSubscribedOrNot.jspf --><!-- Start UserSubscribedOrNot.jsp --><!-- 
			If the user is not logged in, render this opening 
			DIV adding an addtional class to fix the border top which is removed 
			and replaced by the tabs
		-->
		<div class="addToTrolleytabContainer addItemBorderTop">
	<!-- End AddToSubscriptionList.jsp --><!-- End AddSubscriptionList.jspf --><!-- 
                    ATTENTION!!!
                    <div class="addToTrolleytabContainer">
                    This opening div is inside "../../ReusableObjects/UserSubscribedOrNot.jsp"
                    -->
                    <div class="pricingAndTrolleyOptions">
                    	
                                    <div class="priceTab priceTabContainer activeContainer addItem" id="addItem_15817">
                                       <div class="pricing">
                                           
	<p class="pricePerUnit">
    Â£0.50<abbr title="per">/</abbr><abbr title="unit"><span class="pricePerUnitUnit">unit</span></abbr>
</p>
 
    <p class="pricePerMeasure">Â£0.13<abbr title="per">/</abbr>100<abbr title="gram"><span class="pricePerMeasureMeasure">g</span></abbr>
    </p>

                                       </div>                                      

                                     
                                        <div class="addToTrolleyForm "> 
                                           <!-- BEGIN AddToTrolley.jsp -->

		<form class="addToTrolleyForm" name="OrderItemAddForm_15817" action="OrderItemAdd" method="post" id="OrderItemAddForm_15817">
		    <input type="hidden" name="storeId" value="10151"><input type="hidden" name="langId" value="44"><input type="hidden" name="catalogId" value="10241"><input type="hidden" name="errorViewName" value="CategoryDisplayView"><input type="hidden" name="SKU_ID" value="7569428"><input type="hidden" name="itemType" value=""><label class="access" for="quantity_15816">Quantity</label>
		        
					<input name="quantity" id="quantity_15816" type="text" size="3" value="1" class="quantity"><input type="hidden" name="catEntryId" value="15817"><input type="hidden" name="productId" value="15816"><input type="hidden" name="URL" value="http://www.sainsburys.co.uk/webapp/wcs/stores/servlet/CategoryDisplay?msg=&amp;langId=44&amp;storeId=10151&amp;krypto=dWRBEruPqAfbVyAqf1RFlIRbFBNh1P3L1cpaRI7ENFt%2FNTfEPCN1eEciR3ynWr3XBSzviVwUDbrjFfBvxPX5AY669CVYyRJYq%2FUKhjkyBwm7A8JbQdXyGogMwMKAT8EFeRuhFOt3YxLgIkPF9MBMUHU3R5B29wmqXOeee4Ntg7Q%3D&amp;ddkey=http%3Agb%2Fgroceries%2Ffood-cupboard%2Fby-sainsburys"><input type="hidden" name="page" value=""><input type="hidden" name="contractId" value=""><input type="hidden" name="calculateOrder" value="1"><input type="hidden" name="calculationUsage" value="-1,-2,-3"><input type="hidden" name="updateable" value="1"><input type="hidden" name="merge" value="***"><input type="hidden" name="callAjax" value="false"><input class="button process" type="submit" name="Add" value="Add">
</form>
	<!-- END AddToTrolley.jsp -->
        <div class="numberInTrolley hidden numberInTrolley_15816" id="numberInTrolley_15816">
            
        </div>
    
                                        </div>

                                        <!-- BEGIN CatalogEntryRatingsReviewsInfo.jspf --><!-- productAllowedRatingsAndReviews: true -->
    <div class="reviews">
        
            <a class="numberOfReviews" href="http://www.sainsburys.co.uk/shop/gb/groceries/by-sainsburys/sainsburys-leek---potato-soup-400g#reviews">
                <img src="http://c2.sainsburys.co.uk/wcsstore7.20.1.145/SainsburysStorefrontAssetStore/img/stars/rating-3_5.gif" alt="3.5" border="0">Â  
                Reviews (6)
            </a>
        
    </div>
<!-- END CatalogEntryRatingsReviewsInfo.jspf -->
                                   </div>
                               <!-- Start AddToSubscriptionList.jspf --><!-- Start AddToSubscriptionList.jsp --><!-- End AddToSubscriptionList.jsp --><!-- End AddToSubscriptionList.jspf -->     
                    </div>
                            
                    
    
    <div class="badges">
        <ul>
<li class="lastchild">

                        
                        
                        <img src="/wcsstore7.20.1.145/SainsburysStorefrontAssetStore/wcassets/icons/ico_spacer.gif" alt="Vegetarian">
</li>
                
        </ul>
</div>

                </div>     
            </div>
            <!--ThumbnailRestriction --><!-- END CatalogEntryThumbnailDisplay.jsp -->
	                            </div>
</li>
	                         

	                            <li class="gridItem" style="min-height: 477px;">
	                                <!-- BEGIN CatalogEntryThumbnailDisplay.jsp --><!-- BEGIN MerchandisingAssociationsDisplay.jsp --><!-- Start - JSP File Name:  MerchandisingAssociationsDisplay.jsp --><!-- END MerchandisingAssociationsDisplay.jsp -->
            <div class="product ">
                
                <div class="productInfo">
                    <div class="productNameAndPromotions">
                        
                                  <h3>
                                    <a href="http://www.sainsburys.co.uk/shop/gb/groceries/by-sainsburys/sainsburys-chunky-chicken---vegetable-soup-400g">
                                        Sainsbury's Chunky Chicken &amp; Vegetable Soup 400g
                                        <img src="http://c2.sainsburys.co.uk/wcsstore7.20.1.145/ExtendedSitesCatalogAssetStore/images/catalog/productImages/75/0000001851175/0000001851175_L.jpeg" alt=""></a>
                                </h3>
                              
                    </div> 
                </div>
                
                <div class="errorBanner hidden" id="error15963"></div>
                <div class="addToTrolleytabBox">   
                    <!--addToTrolleytabBox GRID VIEW --><!-- Start UserSubscribedOrNot.jspf --><!-- Start UserSubscribedOrNot.jsp --><!-- 
			If the user is not logged in, render this opening 
			DIV adding an addtional class to fix the border top which is removed 
			and replaced by the tabs
		-->
		<div class="addToTrolleytabContainer addItemBorderTop">
	<!-- End AddToSubscriptionList.jsp --><!-- End AddSubscriptionList.jspf --><!-- 
                    ATTENTION!!!
                    <div class="addToTrolleytabContainer">
                    This opening div is inside "../../ReusableObjects/UserSubscribedOrNot.jsp"
                    -->
                    <div class="pricingAndTrolleyOptions">
                    	
                                    <div class="priceTab priceTabContainer activeContainer addItem" id="addItem_15963">
                                       <div class="pricing">
                                           
	<p class="pricePerUnit">
    Â£0.75<abbr title="per">/</abbr><abbr title="unit"><span class="pricePerUnitUnit">unit</span></abbr>
</p>
 
    <p class="pricePerMeasure">Â£0.19<abbr title="per">/</abbr>100<abbr title="gram"><span class="pricePerMeasureMeasure">g</span></abbr>
    </p>

                                       </div>                                      

                                     
                                        <div class="addToTrolleyForm "> 
                                           <!-- BEGIN AddToTrolley.jsp -->

		<form class="addToTrolleyForm" name="OrderItemAddForm_15963" action="OrderItemAdd" method="post" id="OrderItemAddForm_15963">
		    <input type="hidden" name="storeId" value="10151"><input type="hidden" name="langId" value="44"><input type="hidden" name="catalogId" value="10241"><input type="hidden" name="errorViewName" value="CategoryDisplayView"><input type="hidden" name="SKU_ID" value="7575675"><input type="hidden" name="itemType" value=""><label class="access" for="quantity_15962">Quantity</label>
		        
					<input name="quantity" id="quantity_15962" type="text" size="3" value="1" class="quantity"><input type="hidden" name="catEntryId" value="15963"><input type="hidden" name="productId" value="15962"><input type="hidden" name="URL" value="http://www.sainsburys.co.uk/webapp/wcs/stores/servlet/CategoryDisplay?msg=&amp;langId=44&amp;storeId=10151&amp;krypto=dWRBEruPqAfbVyAqf1RFlIRbFBNh1P3L1cpaRI7ENFt%2FNTfEPCN1eEciR3ynWr3XBSzviVwUDbrjFfBvxPX5AY669CVYyRJYq%2FUKhjkyBwm7A8JbQdXyGogMwMKAT8EFeRuhFOt3YxLgIkPF9MBMUHU3R5B29wmqXOeee4Ntg7Q%3D&amp;ddkey=http%3Agb%2Fgroceries%2Ffood-cupboard%2Fby-sainsburys"><input type="hidden" name="page" value=""><input type="hidden" name="contractId" value=""><input type="hidden" name="calculateOrder" value="1"><input type="hidden" name="calculationUsage" value="-1,-2,-3"><input type="hidden" name="updateable" value="1"><input type="hidden" name="merge" value="***"><input type="hidden" name="callAjax" value="false"><input class="button process" type="submit" name="Add" value="Add">
</form>
	<!-- END AddToTrolley.jsp -->
        <div class="numberInTrolley hidden numberInTrolley_15962" id="numberInTrolley_15962">
            
        </div>
    
                                        </div>

                                        <!-- BEGIN CatalogEntryRatingsReviewsInfo.jspf --><!-- productAllowedRatingsAndReviews: true -->
    <div class="reviews">
        
            <a class="numberOfReviews" href="http://www.sainsburys.co.uk/shop/gb/groceries/by-sainsburys/sainsburys-chunky-chicken---vegetable-soup-400g#reviews">
                <img src="http://c2.sainsburys.co.uk/wcsstore7.20.1.145/SainsburysStorefrontAssetStore/img/stars/rating-5_0.gif" alt="5.0" border="0">Â  
                Reviews (2)
            </a>
        
    </div>
<!-- END CatalogEntryRatingsReviewsInfo.jspf -->
                                   </div>
                               <!-- Start AddToSubscriptionList.jspf --><!-- Start AddToSubscriptionList.jsp --><!-- End AddToSubscriptionList.jsp --><!-- End AddToSubscriptionList.jspf -->     
                    </div>
                            
                    
                </div>     
            </div>
            <!--ThumbnailRestriction --><!-- END CatalogEntryThumbnailDisplay.jsp -->
	                            </div>
</li>
	                         

	                            <li class="gridItem" style="min-height: 477px;">
	                                <!-- BEGIN CatalogEntryThumbnailDisplay.jsp --><!-- BEGIN MerchandisingAssociationsDisplay.jsp --><!-- Start - JSP File Name:  MerchandisingAssociationsDisplay.jsp --><!-- END MerchandisingAssociationsDisplay.jsp -->
            <div class="product ">
                
                <div class="productInfo">
                    <div class="productNameAndPromotions">
                        
                                  <h3>
                                    <a href="http://www.sainsburys.co.uk/shop/gb/groceries/by-sainsburys/sainsburys-spring-vegetable-soup-400g">
                                        Sainsbury's Spring Vegetable Soup 400g
                                        <img src="http://c2.sainsburys.co.uk/wcsstore7.20.1.145/ExtendedSitesCatalogAssetStore/images/catalog/productImages/37/0000001845037/0000001845037_L.jpeg" alt=""></a>
                                </h3>
                              
                    </div> 
                </div>
                
                <div class="errorBanner hidden" id="error15813"></div>
                <div class="addToTrolleytabBox">   
                    <!--addToTrolleytabBox GRID VIEW --><!-- Start UserSubscribedOrNot.jspf --><!-- Start UserSubscribedOrNot.jsp --><!-- 
			If the user is not logged in, render this opening 
			DIV adding an addtional class to fix the border top which is removed 
			and replaced by the tabs
		-->
		<div class="addToTrolleytabContainer addItemBorderTop">
	<!-- End AddToSubscriptionList.jsp --><!-- End AddSubscriptionList.jspf --><!-- 
                    ATTENTION!!!
                    <div class="addToTrolleytabContainer">
                    This opening div is inside "../../ReusableObjects/UserSubscribedOrNot.jsp"
                    -->
                    <div class="pricingAndTrolleyOptions">
                    	
                                    <div class="priceTab priceTabContainer activeContainer addItem" id="addItem_15813">
                                       <div class="pricing">
                                           
	<p class="pricePerUnit">
    Â£0.50<abbr title="per">/</abbr><abbr title="unit"><span class="pricePerUnitUnit">unit</span></abbr>
</p>
 
    <p class="pricePerMeasure">Â£0.13<abbr title="per">/</abbr>100<abbr title="gram"><span class="pricePerMeasureMeasure">g</span></abbr>
    </p>

                                       </div>                                      

                                     
                                        <div class="addToTrolleyForm "> 
                                           <!-- BEGIN AddToTrolley.jsp -->

		<form class="addToTrolleyForm" name="OrderItemAddForm_15813" action="OrderItemAdd" method="post" id="OrderItemAddForm_15813">
		    <input type="hidden" name="storeId" value="10151"><input type="hidden" name="langId" value="44"><input type="hidden" name="catalogId" value="10241"><input type="hidden" name="errorViewName" value="CategoryDisplayView"><input type="hidden" name="SKU_ID" value="7569405"><input type="hidden" name="itemType" value=""><label class="access" for="quantity_15812">Quantity</label>
		        
					<input name="quantity" id="quantity_15812" type="text" size="3" value="1" class="quantity"><input type="hidden" name="catEntryId" value="15813"><input type="hidden" name="productId" value="15812"><input type="hidden" name="URL" value="http://www.sainsburys.co.uk/webapp/wcs/stores/servlet/CategoryDisplay?msg=&amp;langId=44&amp;storeId=10151&amp;krypto=dWRBEruPqAfbVyAqf1RFlIRbFBNh1P3L1cpaRI7ENFt%2FNTfEPCN1eEciR3ynWr3XBSzviVwUDbrjFfBvxPX5AY669CVYyRJYq%2FUKhjkyBwm7A8JbQdXyGogMwMKAT8EFeRuhFOt3YxLgIkPF9MBMUHU3R5B29wmqXOeee4Ntg7Q%3D&amp;ddkey=http%3Agb%2Fgroceries%2Ffood-cupboard%2Fby-sainsburys"><input type="hidden" name="page" value=""><input type="hidden" name="contractId" value=""><input type="hidden" name="calculateOrder" value="1"><input type="hidden" name="calculationUsage" value="-1,-2,-3"><input type="hidden" name="updateable" value="1"><input type="hidden" name="merge" value="***"><input type="hidden" name="callAjax" value="false"><input class="button process" type="submit" name="Add" value="Add">
</form>
	<!-- END AddToTrolley.jsp -->
        <div class="numberInTrolley hidden numberInTrolley_15812" id="numberInTrolley_15812">
            
        </div>
    
                                        </div>

                                        <!-- BEGIN CatalogEntryRatingsReviewsInfo.jspf --><!-- productAllowedRatingsAndReviews: true -->
    <div class="reviews">
        
            <a class="numberOfReviews" href="http://www.sainsburys.co.uk/shop/gb/groceries/by-sainsburys/sainsburys-spring-vegetable-soup-400g#reviews">
                <img src="http://c2.sainsburys.co.uk/wcsstore7.20.1.145/SainsburysStorefrontAssetStore/img/stars/rating-4_3.gif" alt="4.2857" border="0">Â  
                Reviews (7)
            </a>
        
    </div>
<!-- END CatalogEntryRatingsReviewsInfo.jspf -->
                                   </div>
                               <!-- Start AddToSubscriptionList.jspf --><!-- Start AddToSubscriptionList.jsp --><!-- End AddToSubscriptionList.jsp --><!-- End AddToSubscriptionList.jspf -->     
                    </div>
                            
                    
    
    <div class="badges">
        <ul>
<li class="lastchild">

                        
                        
                        <img src="/wcsstore7.20.1.145/SainsburysStorefrontAssetStore/wcassets/icons/ico_spacer.gif" alt="Vegetarian">
</li>
                
        </ul>
</div>

                </div>     
            </div>
            <!--ThumbnailRestriction --><!-- END CatalogEntryThumbnailDisplay.jsp -->
	                            </div>
</li>
	                         

	                            <li class="gridItem" style="min-height: 477px;">
	                                <!-- BEGIN CatalogEntryThumbnailDisplay.jsp --><!-- BEGIN MerchandisingAssociationsDisplay.jsp --><!-- Start - JSP File Name:  MerchandisingAssociationsDisplay.jsp --><!-- END MerchandisingAssociationsDisplay.jsp -->
            <div class="product ">
                
                <div class="productInfo">
                    <div class="productNameAndPromotions">
                        
                                  <h3>
                                    <a href="http://www.sainsburys.co.uk/shop/gb/groceries/by-sainsburys/sainsburys-mulligatawny-soup-400g">
                                        Sainsbury's Mulligatawny Soup 400g
                                        <img src="http://c2.sainsburys.co.uk/wcsstore7.20.1.145/ExtendedSitesCatalogAssetStore/images/catalog/productImages/82/0000001845082/0000001845082_L.jpeg" alt=""></a>
                                </h3>
                              
                    </div> 
                </div>
                
                <div class="errorBanner hidden" id="error15821"></div>
                <div class="addToTrolleytabBox">   
                    <!--addToTrolleytabBox GRID VIEW --><!-- Start UserSubscribedOrNot.jspf --><!-- Start UserSubscribedOrNot.jsp --><!-- 
			If the user is not logged in, render this opening 
			DIV adding an addtional class to fix the border top which is removed 
			and replaced by the tabs
		-->
		<div class="addToTrolleytabContainer addItemBorderTop">
	<!-- End AddToSubscriptionList.jsp --><!-- End AddSubscriptionList.jspf --><!-- 
                    ATTENTION!!!
                    <div class="addToTrolleytabContainer">
                    This opening div is inside "../../ReusableObjects/UserSubscribedOrNot.jsp"
                    -->
                    <div class="pricingAndTrolleyOptions">
                    	
                                    <div class="priceTab priceTabContainer activeContainer addItem" id="addItem_15821">
                                       <div class="pricing">
                                           
	<p class="pricePerUnit">
    Â£0.50<abbr title="per">/</abbr><abbr title="unit"><span class="pricePerUnitUnit">unit</span></abbr>
</p>
 
    <p class="pricePerMeasure">Â£0.13<abbr title="per">/</abbr>100<abbr title="gram"><span class="pricePerMeasureMeasure">g</span></abbr>
    </p>

                                       </div>                                      

                                     
                                        <div class="addToTrolleyForm "> 
                                           <!-- BEGIN AddToTrolley.jsp -->

		<form class="addToTrolleyForm" name="OrderItemAddForm_15821" action="OrderItemAdd" method="post" id="OrderItemAddForm_15821">
		    <input type="hidden" name="storeId" value="10151"><input type="hidden" name="langId" value="44"><input type="hidden" name="catalogId" value="10241"><input type="hidden" name="errorViewName" value="CategoryDisplayView"><input type="hidden" name="SKU_ID" value="7569432"><input type="hidden" name="itemType" value=""><label class="access" for="quantity_15820">Quantity</label>
		        
					<input name="quantity" id="quantity_15820" type="text" size="3" value="1" class="quantity"><input type="hidden" name="catEntryId" value="15821"><input type="hidden" name="productId" value="15820"><input type="hidden" name="URL" value="http://www.sainsburys.co.uk/webapp/wcs/stores/servlet/CategoryDisplay?msg=&amp;langId=44&amp;storeId=10151&amp;krypto=dWRBEruPqAfbVyAqf1RFlIRbFBNh1P3L1cpaRI7ENFt%2FNTfEPCN1eEciR3ynWr3XBSzviVwUDbrjFfBvxPX5AY669CVYyRJYq%2FUKhjkyBwm7A8JbQdXyGogMwMKAT8EFeRuhFOt3YxLgIkPF9MBMUHU3R5B29wmqXOeee4Ntg7Q%3D&amp;ddkey=http%3Agb%2Fgroceries%2Ffood-cupboard%2Fby-sainsburys"><input type="hidden" name="page" value=""><input type="hidden" name="contractId" value=""><input type="hidden" name="calculateOrder" value="1"><input type="hidden" name="calculationUsage" value="-1,-2,-3"><input type="hidden" name="updateable" value="1"><input type="hidden" name="merge" value="***"><input type="hidden" name="callAjax" value="false"><input class="button process" type="submit" name="Add" value="Add">
</form>
	<!-- END AddToTrolley.jsp -->
        <div class="numberInTrolley hidden numberInTrolley_15820" id="numberInTrolley_15820">
            
        </div>
    
                                        </div>

                                        <!-- BEGIN CatalogEntryRatingsReviewsInfo.jspf --><!-- productAllowedRatingsAndReviews: true -->
    <div class="reviews">
        
            <a class="numberOfReviews" href="http://www.sainsburys.co.uk/shop/gb/groceries/by-sainsburys/sainsburys-mulligatawny-soup-400g#reviews">
                <img src="http://c2.sainsburys.co.uk/wcsstore7.20.1.145/SainsburysStorefrontAssetStore/img/stars/rating-4_4.gif" alt="4.4286" border="0">Â  
                Reviews (7)
            </a>
        
    </div>
<!-- END CatalogEntryRatingsReviewsInfo.jspf -->
                                   </div>
                               <!-- Start AddToSubscriptionList.jspf --><!-- Start AddToSubscriptionList.jsp --><!-- End AddToSubscriptionList.jsp --><!-- End AddToSubscriptionList.jspf -->     
                    </div>
                            
                    
                </div>     
            </div>
            <!--ThumbnailRestriction --><!-- END CatalogEntryThumbnailDisplay.jsp -->
	                            </div>
</li>
	                         

	                            <li class="gridItem" style="min-height: 477px;">
	                                <!-- BEGIN CatalogEntryThumbnailDisplay.jsp --><!-- BEGIN MerchandisingAssociationsDisplay.jsp --><!-- Start - JSP File Name:  MerchandisingAssociationsDisplay.jsp --><!-- END MerchandisingAssociationsDisplay.jsp -->
            <div class="product ">
                
                <div class="productInfo">
                    <div class="productNameAndPromotions">
                        
                                  <h3>
                                    <a href="http://www.sainsburys.co.uk/shop/gb/groceries/by-sainsburys/sainsburys-tomato---red-pepper-soup-400g">
                                        Sainsbury's Tomato &amp; Red Pepper Soup 400g
                                        <img src="http://c2.sainsburys.co.uk/wcsstore7.20.1.145/ExtendedSitesCatalogAssetStore/images/catalog/productImages/63/0000001850963/0000001850963_L.jpeg" alt=""></a>
                                </h3>
                              
                    </div> 
                </div>
                
                <div class="errorBanner hidden" id="error15943"></div>
                <div class="addToTrolleytabBox">   
                    <!--addToTrolleytabBox GRID VIEW --><!-- Start UserSubscribedOrNot.jspf --><!-- Start UserSubscribedOrNot.jsp --><!-- 
			If the user is not logged in, render this opening 
			DIV adding an addtional class to fix the border top which is removed 
			and replaced by the tabs
		-->
		<div class="addToTrolleytabContainer addItemBorderTop">
	<!-- End AddToSubscriptionList.jsp --><!-- End AddSubscriptionList.jspf --><!-- 
                    ATTENTION!!!
                    <div class="addToTrolleytabContainer">
                    This opening div is inside "../../ReusableObjects/UserSubscribedOrNot.jsp"
                    -->
                    <div class="pricingAndTrolleyOptions">
                    	
                                    <div class="priceTab priceTabContainer activeContainer addItem" id="addItem_15943">
                                       <div class="pricing">
                                           
	<p class="pricePerUnit">
    Â£0.50<abbr title="per">/</abbr><abbr title="unit"><span class="pricePerUnitUnit">unit</span></abbr>
</p>
 
    <p class="pricePerMeasure">Â£0.13<abbr title="per">/</abbr>100<abbr title="gram"><span class="pricePerMeasureMeasure">g</span></abbr>
    </p>

                                       </div>                                      

                                     
                                        <div class="addToTrolleyForm "> 
                                           <!-- BEGIN AddToTrolley.jsp -->

		<form class="addToTrolleyForm" name="OrderItemAddForm_15943" action="OrderItemAdd" method="post" id="OrderItemAddForm_15943">
		    <input type="hidden" name="storeId" value="10151"><input type="hidden" name="langId" value="44"><input type="hidden" name="catalogId" value="10241"><input type="hidden" name="errorViewName" value="CategoryDisplayView"><input type="hidden" name="SKU_ID" value="7575490"><input type="hidden" name="itemType" value=""><label class="access" for="quantity_15942">Quantity</label>
		        
					<input name="quantity" id="quantity_15942" type="text" size="3" value="1" class="quantity"><input type="hidden" name="catEntryId" value="15943"><input type="hidden" name="productId" value="15942"><input type="hidden" name="URL" value="http://www.sainsburys.co.uk/webapp/wcs/stores/servlet/CategoryDisplay?msg=&amp;langId=44&amp;storeId=10151&amp;krypto=dWRBEruPqAfbVyAqf1RFlIRbFBNh1P3L1cpaRI7ENFt%2FNTfEPCN1eEciR3ynWr3XBSzviVwUDbrjFfBvxPX5AY669CVYyRJYq%2FUKhjkyBwm7A8JbQdXyGogMwMKAT8EFeRuhFOt3YxLgIkPF9MBMUHU3R5B29wmqXOeee4Ntg7Q%3D&amp;ddkey=http%3Agb%2Fgroceries%2Ffood-cupboard%2Fby-sainsburys"><input type="hidden" name="page" value=""><input type="hidden" name="contractId" value=""><input type="hidden" name="calculateOrder" value="1"><input type="hidden" name="calculationUsage" value="-1,-2,-3"><input type="hidden" name="updateable" value="1"><input type="hidden" name="merge" value="***"><input type="hidden" name="callAjax" value="false"><input class="button process" type="submit" name="Add" value="Add">
</form>
	<!-- END AddToTrolley.jsp -->
        <div class="numberInTrolley hidden numberInTrolley_15942" id="numberInTrolley_15942">
            
        </div>
    
                                        </div>

                                        <!-- BEGIN CatalogEntryRatingsReviewsInfo.jspf --><!-- productAllowedRatingsAndReviews: true -->
    <div class="reviews">
        
            <a class="numberOfReviews" href="http://www.sainsburys.co.uk/shop/gb/groceries/by-sainsburys/sainsburys-tomato---red-pepper-soup-400g#reviews">
                <img src="http://c2.sainsburys.co.uk/wcsstore7.20.1.145/SainsburysStorefrontAssetStore/img/stars/rating-4_5.gif" alt="4.5" border="0">Â  
                Reviews (14)
            </a>
        
    </div>
<!-- END CatalogEntryRatingsReviewsInfo.jspf -->
                                   </div>
                               <!-- Start AddToSubscriptionList.jspf --><!-- Start AddToSubscriptionList.jsp --><!-- End AddToSubscriptionList.jsp --><!-- End AddToSubscriptionList.jspf -->     
                    </div>
                            
                    
                </div>     
            </div>
            <!--ThumbnailRestriction --><!-- END CatalogEntryThumbnailDisplay.jsp -->
	                            </div>
</li>
	                         

	                            <li class="gridItem" style="min-height: 477px;">
	                                <!-- BEGIN CatalogEntryThumbnailDisplay.jsp --><!-- BEGIN MerchandisingAssociationsDisplay.jsp --><!-- Start - JSP File Name:  MerchandisingAssociationsDisplay.jsp --><!-- END MerchandisingAssociationsDisplay.jsp -->
            <div class="product ">
                
                <div class="productInfo">
                    <div class="productNameAndPromotions">
                        
                                  <h3>
                                    <a href="http://www.sainsburys.co.uk/shop/gb/groceries/by-sainsburys/sainsburys-scotch-broth-soup-400g">
                                        Sainsbury's Scotch Broth Soup 400g
                                        <img src="http://c2.sainsburys.co.uk/wcsstore7.20.1.145/ExtendedSitesCatalogAssetStore/images/catalog/productImages/04/0000001845204/0000001845204_L.jpeg" alt=""></a>
                                </h3>
                              
                    </div> 
                </div>
                
                <div class="errorBanner hidden" id="error15835"></div>
                <div class="addToTrolleytabBox">   
                    <!--addToTrolleytabBox GRID VIEW --><!-- Start UserSubscribedOrNot.jspf --><!-- Start UserSubscribedOrNot.jsp --><!-- 
			If the user is not logged in, render this opening 
			DIV adding an addtional class to fix the border top which is removed 
			and replaced by the tabs
		-->
		<div class="addToTrolleytabContainer addItemBorderTop">
	<!-- End AddToSubscriptionList.jsp --><!-- End AddSubscriptionList.jspf --><!-- 
                    ATTENTION!!!
                    <div class="addToTrolleytabContainer">
                    This opening div is inside "../../ReusableObjects/UserSubscribedOrNot.jsp"
                    -->
                    <div class="pricingAndTrolleyOptions">
                    	
                                    <div class="priceTab priceTabContainer activeContainer addItem" id="addItem_15835">
                                       <div class="pricing">
                                           
	<p class="pricePerUnit">
    Â£0.50<abbr title="per">/</abbr><abbr title="unit"><span class="pricePerUnitUnit">unit</span></abbr>
</p>
 
    <p class="pricePerMeasure">Â£0.13<abbr title="per">/</abbr>100<abbr title="gram"><span class="pricePerMeasureMeasure">g</span></abbr>
    </p>

                                       </div>                                      

                                     
                                        <div class="addToTrolleyForm "> 
                                           <!-- BEGIN AddToTrolley.jsp -->

		<form class="addToTrolleyForm" name="OrderItemAddForm_15835" action="OrderItemAdd" method="post" id="OrderItemAddForm_15835">
		    <input type="hidden" name="storeId" value="10151"><input type="hidden" name="langId" value="44"><input type="hidden" name="catalogId" value="10241"><input type="hidden" name="errorViewName" value="CategoryDisplayView"><input type="hidden" name="SKU_ID" value="7569451"><input type="hidden" name="itemType" value=""><label class="access" for="quantity_15834">Quantity</label>
		        
					<input name="quantity" id="quantity_15834" type="text" size="3" value="1" class="quantity"><input type="hidden" name="catEntryId" value="15835"><input type="hidden" name="productId" value="15834"><input type="hidden" name="URL" value="http://www.sainsburys.co.uk/webapp/wcs/stores/servlet/CategoryDisplay?msg=&amp;langId=44&amp;storeId=10151&amp;krypto=dWRBEruPqAfbVyAqf1RFlIRbFBNh1P3L1cpaRI7ENFt%2FNTfEPCN1eEciR3ynWr3XBSzviVwUDbrjFfBvxPX5AY669CVYyRJYq%2FUKhjkyBwm7A8JbQdXyGogMwMKAT8EFeRuhFOt3YxLgIkPF9MBMUHU3R5B29wmqXOeee4Ntg7Q%3D&amp;ddkey=http%3Agb%2Fgroceries%2Ffood-cupboard%2Fby-sainsburys"><input type="hidden" name="page" value=""><input type="hidden" name="contractId" value=""><input type="hidden" name="calculateOrder" value="1"><input type="hidden" name="calculationUsage" value="-1,-2,-3"><input type="hidden" name="updateable" value="1"><input type="hidden" name="merge" value="***"><input type="hidden" name="callAjax" value="false"><input class="button process" type="submit" name="Add" value="Add">
</form>
	<!-- END AddToTrolley.jsp -->
        <div class="numberInTrolley hidden numberInTrolley_15834" id="numberInTrolley_15834">
            
        </div>
    
                                        </div>

                                        <!-- BEGIN CatalogEntryRatingsReviewsInfo.jspf --><!-- productAllowedRatingsAndReviews: true -->
    <div class="reviews">
        
            <a class="numberOfReviews" href="http://www.sainsburys.co.uk/shop/gb/groceries/by-sainsburys/sainsburys-scotch-broth-soup-400g#reviews">
                <img src="http://c2.sainsburys.co.uk/wcsstore7.20.1.145/SainsburysStorefrontAssetStore/img/stars/rating-4_5.gif" alt="4.5" border="0">Â  
                Reviews (2)
            </a>
        
    </div>
<!-- END CatalogEntryRatingsReviewsInfo.jspf -->
                                   </div>
                               <!-- Start AddToSubscriptionList.jspf --><!-- Start AddToSubscriptionList.jsp --><!-- End AddToSubscriptionList.jsp --><!-- End AddToSubscriptionList.jspf -->     
                    </div>
                            
                    
                </div>     
            </div>
            <!--ThumbnailRestriction --><!-- END CatalogEntryThumbnailDisplay.jsp -->
	                            </div>
</li>
	                         

	                            <li class="gridItem" style="min-height: 477px;">
	                                <!-- BEGIN CatalogEntryThumbnailDisplay.jsp --><!-- BEGIN MerchandisingAssociationsDisplay.jsp --><!-- Start - JSP File Name:  MerchandisingAssociationsDisplay.jsp --><!-- END MerchandisingAssociationsDisplay.jsp -->
            <div class="product ">
                
                <div class="productInfo">
                    <div class="productNameAndPromotions">
                        
                                  <h3>
                                    <a href="http://www.sainsburys.co.uk/shop/gb/groceries/by-sainsburys/sainsburys-cream-of-vegetable-soup-400g">
                                        Sainsbury's Cream Of Vegetable Soup 400g
                                        <img src="http://c2.sainsburys.co.uk/wcsstore7.20.1.145/ExtendedSitesCatalogAssetStore/images/catalog/productImages/99/0000001845099/0000001845099_L.jpeg" alt=""></a>
                                </h3>
                              
                    </div> 
                </div>
                
                <div class="errorBanner hidden" id="error15823"></div>
                <div class="addToTrolleytabBox">   
                    <!--addToTrolleytabBox GRID VIEW --><!-- Start UserSubscribedOrNot.jspf --><!-- Start UserSubscribedOrNot.jsp --><!-- 
			If the user is not logged in, render this opening 
			DIV adding an addtional class to fix the border top which is removed 
			and replaced by the tabs
		-->
		<div class="addToTrolleytabContainer addItemBorderTop">
	<!-- End AddToSubscriptionList.jsp --><!-- End AddSubscriptionList.jspf --><!-- 
                    ATTENTION!!!
                    <div class="addToTrolleytabContainer">
                    This opening div is inside "../../ReusableObjects/UserSubscribedOrNot.jsp"
                    -->
                    <div class="pricingAndTrolleyOptions">
                    	
                                    <div class="priceTab priceTabContainer activeContainer addItem" id="addItem_15823">
                                       <div class="pricing">
                                           
	<p class="pricePerUnit">
    Â£0.50<abbr title="per">/</abbr><abbr title="unit"><span class="pricePerUnitUnit">unit</span></abbr>
</p>
 
    <p class="pricePerMeasure">Â£0.13<abbr title="per">/</abbr>100<abbr title="gram"><span class="pricePerMeasureMeasure">g</span></abbr>
    </p>

                                       </div>                                      

                                     
                                        <div class="addToTrolleyForm "> 
                                           <!-- BEGIN AddToTrolley.jsp -->

		<form class="addToTrolleyForm" name="OrderItemAddForm_15823" action="OrderItemAdd" method="post" id="OrderItemAddForm_15823">
		    <input type="hidden" name="storeId" value="10151"><input type="hidden" name="langId" value="44"><input type="hidden" name="catalogId" value="10241"><input type="hidden" name="errorViewName" value="CategoryDisplayView"><input type="hidden" name="SKU_ID" value="7569434"><input type="hidden" name="itemType" value=""><label class="access" for="quantity_15822">Quantity</label>
		        
					<input name="quantity" id="quantity_15822" type="text" size="3" value="1" class="quantity"><input type="hidden" name="catEntryId" value="15823"><input type="hidden" name="productId" value="15822"><input type="hidden" name="URL" value="http://www.sainsburys.co.uk/webapp/wcs/stores/servlet/CategoryDisplay?msg=&amp;langId=44&amp;storeId=10151&amp;krypto=dWRBEruPqAfbVyAqf1RFlIRbFBNh1P3L1cpaRI7ENFt%2FNTfEPCN1eEciR3ynWr3XBSzviVwUDbrjFfBvxPX5AY669CVYyRJYq%2FUKhjkyBwm7A8JbQdXyGogMwMKAT8EFeRuhFOt3YxLgIkPF9MBMUHU3R5B29wmqXOeee4Ntg7Q%3D&amp;ddkey=http%3Agb%2Fgroceries%2Ffood-cupboard%2Fby-sainsburys"><input type="hidden" name="page" value=""><input type="hidden" name="contractId" value=""><input type="hidden" name="calculateOrder" value="1"><input type="hidden" name="calculationUsage" value="-1,-2,-3"><input type="hidden" name="updateable" value="1"><input type="hidden" name="merge" value="***"><input type="hidden" name="callAjax" value="false"><input class="button process" type="submit" name="Add" value="Add">
</form>
	<!-- END AddToTrolley.jsp -->
        <div class="numberInTrolley hidden numberInTrolley_15822" id="numberInTrolley_15822">
            
        </div>
    
                                        </div>

                                        <!-- BEGIN CatalogEntryRatingsReviewsInfo.jspf --><!-- productAllowedRatingsAndReviews: true -->
    <div class="reviews">
        
            <a class="numberOfReviews" href="http://www.sainsburys.co.uk/shop/gb/groceries/by-sainsburys/sainsburys-cream-of-vegetable-soup-400g#reviews">
                <img src="http://c2.sainsburys.co.uk/wcsstore7.20.1.145/SainsburysStorefrontAssetStore/img/stars/rating-3_8.gif" alt="3.75" border="0">Â  
                Reviews (4)
            </a>
        
    </div>
<!-- END CatalogEntryRatingsReviewsInfo.jspf -->
                                   </div>
                               <!-- Start AddToSubscriptionList.jspf --><!-- Start AddToSubscriptionList.jsp --><!-- End AddToSubscriptionList.jsp --><!-- End AddToSubscriptionList.jspf -->     
                    </div>
                            
                    
    
    <div class="badges">
        <ul>
<li class="lastchild">

                        
                        
                        <img src="/wcsstore7.20.1.145/SainsburysStorefrontAssetStore/wcassets/icons/ico_spacer.gif" alt="Vegetarian">
</li>
                
        </ul>
</div>

                </div>     
            </div>
            <!--ThumbnailRestriction --><!-- END CatalogEntryThumbnailDisplay.jsp -->
	                            </div>
</li>
	                         

	                            <li class="gridItem" style="min-height: 477px;">
	                                <!-- BEGIN CatalogEntryThumbnailDisplay.jsp --><!-- BEGIN MerchandisingAssociationsDisplay.jsp --><!-- Start - JSP File Name:  MerchandisingAssociationsDisplay.jsp --><!-- END MerchandisingAssociationsDisplay.jsp -->
            <div class="product ">
                
                <div class="productInfo">
                    <div class="productNameAndPromotions">
                        
                                  <h3>
                                    <a href="http://www.sainsburys.co.uk/shop/gb/groceries/by-sainsburys/sainsburys-chicken-noodle-cup-soup-52g--be-good-to-yourself-%284x13g%29">
                                        Sainsbury's Chicken Noodle Cup Soup, Be Good To Yourself 4x13g
                                        <img src="http://c2.sainsburys.co.uk/wcsstore7.20.1.145/ExtendedSitesCatalogAssetStore/images/catalog/productImages/09/0000001842609/0000001842609_L.jpeg" alt=""></a>
                                </h3>
                              
                    </div> 
                </div>
                
                <div class="errorBanner hidden" id="error32877"></div>
                <div class="addToTrolleytabBox">   
                    <!--addToTrolleytabBox GRID VIEW --><!-- Start UserSubscribedOrNot.jspf --><!-- Start UserSubscribedOrNot.jsp --><!-- 
			If the user is not logged in, render this opening 
			DIV adding an addtional class to fix the border top which is removed 
			and replaced by the tabs
		-->
		<div class="addToTrolleytabContainer addItemBorderTop">
	<!-- End AddToSubscriptionList.jsp --><!-- End AddSubscriptionList.jspf --><!-- 
                    ATTENTION!!!
                    <div class="addToTrolleytabContainer">
                    This opening div is inside "../../ReusableObjects/UserSubscribedOrNot.jsp"
                    -->
                    <div class="pricingAndTrolleyOptions">
                    	
                                    <div class="priceTab priceTabContainer activeContainer addItem" id="addItem_32877">
                                       <div class="pricing">
                                           
	<p class="pricePerUnit">
    Â£0.65<abbr title="per">/</abbr><abbr title="unit"><span class="pricePerUnitUnit">unit</span></abbr>
</p>
 
    <p class="pricePerMeasure">Â£1.25<abbr title="per">/</abbr>100<abbr title="gram"><span class="pricePerMeasureMeasure">g</span></abbr>
    </p>

                                       </div>                                      

                                     
                                        <div class="addToTrolleyForm "> 
                                           <!-- BEGIN AddToTrolley.jsp -->

		<form class="addToTrolleyForm" name="OrderItemAddForm_32877" action="OrderItemAdd" method="post" id="OrderItemAddForm_32877">
		    <input type="hidden" name="storeId" value="10151"><input type="hidden" name="langId" value="44"><input type="hidden" name="catalogId" value="10241"><input type="hidden" name="errorViewName" value="CategoryDisplayView"><input type="hidden" name="SKU_ID" value="7567300"><input type="hidden" name="itemType" value=""><label class="access" for="quantity_32876">Quantity</label>
		        
					<input name="quantity" id="quantity_32876" type="text" size="3" value="1" class="quantity"><input type="hidden" name="catEntryId" value="32877"><input type="hidden" name="productId" value="32876"><input type="hidden" name="URL" value="http://www.sainsburys.co.uk/webapp/wcs/stores/servlet/CategoryDisplay?msg=&amp;langId=44&amp;storeId=10151&amp;krypto=dWRBEruPqAfbVyAqf1RFlIRbFBNh1P3L1cpaRI7ENFt%2FNTfEPCN1eEciR3ynWr3XBSzviVwUDbrjFfBvxPX5AY669CVYyRJYq%2FUKhjkyBwm7A8JbQdXyGogMwMKAT8EFeRuhFOt3YxLgIkPF9MBMUHU3R5B29wmqXOeee4Ntg7Q%3D&amp;ddkey=http%3Agb%2Fgroceries%2Ffood-cupboard%2Fby-sainsburys"><input type="hidden" name="page" value=""><input type="hidden" name="contractId" value=""><input type="hidden" name="calculateOrder" value="1"><input type="hidden" name="calculationUsage" value="-1,-2,-3"><input type="hidden" name="updateable" value="1"><input type="hidden" name="merge" value="***"><input type="hidden" name="callAjax" value="false"><input class="button process" type="submit" name="Add" value="Add">
</form>
	<!-- END AddToTrolley.jsp -->
        <div class="numberInTrolley hidden numberInTrolley_32876" id="numberInTrolley_32876">
            
        </div>
    
                                        </div>

                                        <!-- BEGIN CatalogEntryRatingsReviewsInfo.jspf --><!-- productAllowedRatingsAndReviews: true -->
    <div class="reviews">
        
            <a class="numberOfReviews" href="http://www.sainsburys.co.uk/shop/gb/groceries/by-sainsburys/sainsburys-chicken-noodle-cup-soup-52g--be-good-to-yourself-%284x13g%29#reviews">
                <img src="http://c2.sainsburys.co.uk/wcsstore7.20.1.145/SainsburysStorefrontAssetStore/img/stars/rating-4_0.gif" alt="4.0" border="0">Â  
                Reviews (4)
            </a>
        
    </div>
<!-- END CatalogEntryRatingsReviewsInfo.jspf -->
                                   </div>
                               <!-- Start AddToSubscriptionList.jspf --><!-- Start AddToSubscriptionList.jsp --><!-- End AddToSubscriptionList.jsp --><!-- End AddToSubscriptionList.jspf -->     
                    </div>
                            
                    
                </div>     
            </div>
            <!--ThumbnailRestriction --><!-- END CatalogEntryThumbnailDisplay.jsp -->
	                            </div>
</li>
	                         

	                            <li class="gridItem" style="min-height: 477px;">
	                                <!-- BEGIN CatalogEntryThumbnailDisplay.jsp --><!-- BEGIN MerchandisingAssociationsDisplay.jsp --><!-- Start - JSP File Name:  MerchandisingAssociationsDisplay.jsp --><!-- END MerchandisingAssociationsDisplay.jsp -->
            <div class="product ">
                
                <div class="productInfo">
                    <div class="productNameAndPromotions">
                        
                                  <h3>
                                    <a href="http://www.sainsburys.co.uk/shop/gb/groceries/by-sainsburys/sainsburys-tomato-red-pepper---lentil-soup-400g">
                                        Sainsbury's Tomato Red Pepper &amp; Lentil Soup 400g
                                        <img src="http://c2.sainsburys.co.uk/wcsstore7.20.1.145/ExtendedSitesCatalogAssetStore/images/catalog/productImages/79/0000000121279/0000000121279_L.jpeg" alt=""></a>
                                </h3>
                              
                    </div> 
                </div>
                
                <div class="errorBanner hidden" id="error478049"></div>
                <div class="addToTrolleytabBox">   
                    <!--addToTrolleytabBox GRID VIEW --><!-- Start UserSubscribedOrNot.jspf --><!-- Start UserSubscribedOrNot.jsp --><!-- 
			If the user is not logged in, render this opening 
			DIV adding an addtional class to fix the border top which is removed 
			and replaced by the tabs
		-->
		<div class="addToTrolleytabContainer addItemBorderTop">
	<!-- End AddToSubscriptionList.jsp --><!-- End AddSubscriptionList.jspf --><!-- 
                    ATTENTION!!!
                    <div class="addToTrolleytabContainer">
                    This opening div is inside "../../ReusableObjects/UserSubscribedOrNot.jsp"
                    -->
                    <div class="pricingAndTrolleyOptions">
                    	
                                    <div class="priceTab priceTabContainer activeContainer addItem" id="addItem_478049">
                                       <div class="pricing">
                                           
	<p class="pricePerUnit">
    Â£0.50<abbr title="per">/</abbr><abbr title="unit"><span class="pricePerUnitUnit">unit</span></abbr>
</p>
 
    <p class="pricePerMeasure">Â£0.13<abbr title="per">/</abbr>100<abbr title="gram"><span class="pricePerMeasureMeasure">g</span></abbr>
    </p>

                                       </div>                                      

                                     
                                        <div class="addToTrolleyForm "> 
                                           <!-- BEGIN AddToTrolley.jsp -->

		<form class="addToTrolleyForm" name="OrderItemAddForm_478049" action="OrderItemAdd" method="post" id="OrderItemAddForm_478049">
		    <input type="hidden" name="storeId" value="10151"><input type="hidden" name="langId" value="44"><input type="hidden" name="catalogId" value="10241"><input type="hidden" name="errorViewName" value="CategoryDisplayView"><input type="hidden" name="SKU_ID" value="7642799"><input type="hidden" name="itemType" value=""><label class="access" for="quantity_478048">Quantity</label>
		        
					<input name="quantity" id="quantity_478048" type="text" size="3" value="1" class="quantity"><input type="hidden" name="catEntryId" value="478049"><input type="hidden" name="productId" value="478048"><input type="hidden" name="URL" value="http://www.sainsburys.co.uk/webapp/wcs/stores/servlet/CategoryDisplay?msg=&amp;langId=44&amp;storeId=10151&amp;krypto=dWRBEruPqAfbVyAqf1RFlIRbFBNh1P3L1cpaRI7ENFt%2FNTfEPCN1eEciR3ynWr3XBSzviVwUDbrjFfBvxPX5AY669CVYyRJYq%2FUKhjkyBwm7A8JbQdXyGogMwMKAT8EFeRuhFOt3YxLgIkPF9MBMUHU3R5B29wmqXOeee4Ntg7Q%3D&amp;ddkey=http%3Agb%2Fgroceries%2Ffood-cupboard%2Fby-sainsburys"><input type="hidden" name="page" value=""><input type="hidden" name="contractId" value=""><input type="hidden" name="calculateOrder" value="1"><input type="hidden" name="calculationUsage" value="-1,-2,-3"><input type="hidden" name="updateable" value="1"><input type="hidden" name="merge" value="***"><input type="hidden" name="callAjax" value="false"><input class="button process" type="submit" name="Add" value="Add">
</form>
	<!-- END AddToTrolley.jsp -->
        <div class="numberInTrolley hidden numberInTrolley_478048" id="numberInTrolley_478048">
            
        </div>
    
                                        </div>

                                        <!-- BEGIN CatalogEntryRatingsReviewsInfo.jspf --><!-- productAllowedRatingsAndReviews: true -->
    <div class="reviews">
        
            <a class="numberOfReviews" href="http://www.sainsburys.co.uk/shop/gb/groceries/by-sainsburys/sainsburys-tomato-red-pepper---lentil-soup-400g#reviews">
                <img src="http://c2.sainsburys.co.uk/wcsstore7.20.1.145/SainsburysStorefrontAssetStore/img/stars/rating-4_3.gif" alt="4.3333" border="0">Â  
                Reviews (3)
            </a>
        
    </div>
<!-- END CatalogEntryRatingsReviewsInfo.jspf -->
                                   </div>
                               <!-- Start AddToSubscriptionList.jspf --><!-- Start AddToSubscriptionList.jsp --><!-- End AddToSubscriptionList.jsp --><!-- End AddToSubscriptionList.jspf -->     
                    </div>
                            
                    
    
    <div class="badges">
        <ul>
<li class="lastchild">

                        
                        
                        <img src="/wcsstore7.20.1.145/SainsburysStorefrontAssetStore/wcassets/icons/ico_spacer.gif" alt="Vegetarian">
</li>
                
        </ul>
</div>

                </div>     
            </div>
            <!--ThumbnailRestriction --><!-- END CatalogEntryThumbnailDisplay.jsp -->
	                            </div>
</li>
	                         

	                            <li class="gridItem" style="min-height: 477px;">
	                                <!-- BEGIN CatalogEntryThumbnailDisplay.jsp --><!-- BEGIN MerchandisingAssociationsDisplay.jsp --><!-- Start - JSP File Name:  MerchandisingAssociationsDisplay.jsp --><!-- END MerchandisingAssociationsDisplay.jsp -->
            <div class="product ">
                
                <div class="productInfo">
                    <div class="productNameAndPromotions">
                        
                                  <h3>
                                    <a href="http://www.sainsburys.co.uk/shop/gb/groceries/by-sainsburys/sainsburys-tomato---basil-soup-400g">
                                        Sainsbury's Tomato &amp; Basil Soup 400g
                                        <img src="http://c2.sainsburys.co.uk/wcsstore7.20.1.145/ExtendedSitesCatalogAssetStore/images/catalog/productImages/83/0000001851083/0000001851083_L.jpeg" alt=""></a>
                                </h3>
                              
                    </div> 
                </div>
                
                <div class="errorBanner hidden" id="error15947"></div>
                <div class="addToTrolleytabBox">   
                    <!--addToTrolleytabBox GRID VIEW --><!-- Start UserSubscribedOrNot.jspf --><!-- Start UserSubscribedOrNot.jsp --><!-- 
			If the user is not logged in, render this opening 
			DIV adding an addtional class to fix the border top which is removed 
			and replaced by the tabs
		-->
		<div class="addToTrolleytabContainer addItemBorderTop">
	<!-- End AddToSubscriptionList.jsp --><!-- End AddSubscriptionList.jspf --><!-- 
                    ATTENTION!!!
                    <div class="addToTrolleytabContainer">
                    This opening div is inside "../../ReusableObjects/UserSubscribedOrNot.jsp"
                    -->
                    <div class="pricingAndTrolleyOptions">
                    	
                                    <div class="priceTab priceTabContainer activeContainer addItem" id="addItem_15947">
                                       <div class="pricing">
                                           
	<p class="pricePerUnit">
    Â£0.50<abbr title="per">/</abbr><abbr title="unit"><span class="pricePerUnitUnit">unit</span></abbr>
</p>
 
    <p class="pricePerMeasure">Â£0.13<abbr title="per">/</abbr>100<abbr title="gram"><span class="pricePerMeasureMeasure">g</span></abbr>
    </p>

                                       </div>                                      

                                     
                                        <div class="addToTrolleyForm "> 
                                           <!-- BEGIN AddToTrolley.jsp -->

		<form class="addToTrolleyForm" name="OrderItemAddForm_15947" action="OrderItemAdd" method="post" id="OrderItemAddForm_15947">
		    <input type="hidden" name="storeId" value="10151"><input type="hidden" name="langId" value="44"><input type="hidden" name="catalogId" value="10241"><input type="hidden" name="errorViewName" value="CategoryDisplayView"><input type="hidden" name="SKU_ID" value="7575560"><input type="hidden" name="itemType" value=""><label class="access" for="quantity_15946">Quantity</label>
		        
					<input name="quantity" id="quantity_15946" type="text" size="3" value="1" class="quantity"><input type="hidden" name="catEntryId" value="15947"><input type="hidden" name="productId" value="15946"><input type="hidden" name="URL" value="http://www.sainsburys.co.uk/webapp/wcs/stores/servlet/CategoryDisplay?msg=&amp;langId=44&amp;storeId=10151&amp;krypto=dWRBEruPqAfbVyAqf1RFlIRbFBNh1P3L1cpaRI7ENFt%2FNTfEPCN1eEciR3ynWr3XBSzviVwUDbrjFfBvxPX5AY669CVYyRJYq%2FUKhjkyBwm7A8JbQdXyGogMwMKAT8EFeRuhFOt3YxLgIkPF9MBMUHU3R5B29wmqXOeee4Ntg7Q%3D&amp;ddkey=http%3Agb%2Fgroceries%2Ffood-cupboard%2Fby-sainsburys"><input type="hidden" name="page" value=""><input type="hidden" name="contractId" value=""><input type="hidden" name="calculateOrder" value="1"><input type="hidden" name="calculationUsage" value="-1,-2,-3"><input type="hidden" name="updateable" value="1"><input type="hidden" name="merge" value="***"><input type="hidden" name="callAjax" value="false"><input class="button process" type="submit" name="Add" value="Add">
</form>
	<!-- END AddToTrolley.jsp -->
        <div class="numberInTrolley hidden numberInTrolley_15946" id="numberInTrolley_15946">
            
        </div>
    
                                        </div>

                                        <!-- BEGIN CatalogEntryRatingsReviewsInfo.jspf --><!-- productAllowedRatingsAndReviews: true -->
    <div class="reviews">
        
            <a class="numberOfReviews" href="http://www.sainsburys.co.uk/shop/gb/groceries/by-sainsburys/sainsburys-tomato---basil-soup-400g#reviews">
                <img src="http://c2.sainsburys.co.uk/wcsstore7.20.1.145/SainsburysStorefrontAssetStore/img/stars/rating-3_3.gif" alt="3.25" border="0">Â  
                Reviews (4)
            </a>
        
    </div>
<!-- END CatalogEntryRatingsReviewsInfo.jspf -->
                                   </div>
                               <!-- Start AddToSubscriptionList.jspf --><!-- Start AddToSubscriptionList.jsp --><!-- End AddToSubscriptionList.jsp --><!-- End AddToSubscriptionList.jspf -->     
                    </div>
                            
                    
    
    <div class="badges">
        <ul>
<li class="lastchild">

                        
                        
                        <img src="/wcsstore7.20.1.145/SainsburysStorefrontAssetStore/wcassets/icons/ico_spacer.gif" alt="Vegetarian">
</li>
                
        </ul>
</div>

                </div>     
            </div>
            <!--ThumbnailRestriction --><!-- END CatalogEntryThumbnailDisplay.jsp -->
	                            </div>
</li>
	                         

	                            <li class="gridItem" style="min-height: 477px;">
	                                <!-- BEGIN CatalogEntryThumbnailDisplay.jsp --><!-- BEGIN MerchandisingAssociationsDisplay.jsp --><!-- Start - JSP File Name:  MerchandisingAssociationsDisplay.jsp --><!-- END MerchandisingAssociationsDisplay.jsp -->
            <div class="product ">
                
                <div class="productInfo">
                    <div class="productNameAndPromotions">
                        
                                  <h3>
                                    <a href="http://www.sainsburys.co.uk/shop/gb/groceries/by-sainsburys/sainsburys-chunky-beef---vegetable-soup-400g">
                                        Sainsbury's Chunky Beef &amp; Vegetable Soup 400g
                                        <img src="http://c2.sainsburys.co.uk/wcsstore7.20.1.145/ExtendedSitesCatalogAssetStore/images/catalog/productImages/04/0000001851304/0000001851304_L.jpeg" alt=""></a>
                                </h3>
                              
                    </div> 
                </div>
                
                <div class="errorBanner hidden" id="error15975"></div>
                <div class="addToTrolleytabBox">   
                    <!--addToTrolleytabBox GRID VIEW --><!-- Start UserSubscribedOrNot.jspf --><!-- Start UserSubscribedOrNot.jsp --><!-- 
			If the user is not logged in, render this opening 
			DIV adding an addtional class to fix the border top which is removed 
			and replaced by the tabs
		-->
		<div class="addToTrolleytabContainer addItemBorderTop">
	<!-- End AddToSubscriptionList.jsp --><!-- End AddSubscriptionList.jspf --><!-- 
                    ATTENTION!!!
                    <div class="addToTrolleytabContainer">
                    This opening div is inside "../../ReusableObjects/UserSubscribedOrNot.jsp"
                    -->
                    <div class="pricingAndTrolleyOptions">
                    	
                                    <div class="priceTab priceTabContainer activeContainer addItem" id="addItem_15975">
                                       <div class="pricing">
                                           
	<p class="pricePerUnit">
    Â£0.75<abbr title="per">/</abbr><abbr title="unit"><span class="pricePerUnitUnit">unit</span></abbr>
</p>
 
    <p class="pricePerMeasure">Â£0.19<abbr title="per">/</abbr>100<abbr title="gram"><span class="pricePerMeasureMeasure">g</span></abbr>
    </p>

                                       </div>                                      

                                     
                                        <div class="addToTrolleyForm "> 
                                           <!-- BEGIN AddToTrolley.jsp -->

		<form class="addToTrolleyForm" name="OrderItemAddForm_15975" action="OrderItemAdd" method="post" id="OrderItemAddForm_15975">
		    <input type="hidden" name="storeId" value="10151"><input type="hidden" name="langId" value="44"><input type="hidden" name="catalogId" value="10241"><input type="hidden" name="errorViewName" value="CategoryDisplayView"><input type="hidden" name="SKU_ID" value="7575788"><input type="hidden" name="itemType" value=""><label class="access" for="quantity_15974">Quantity</label>
		        
					<input name="quantity" id="quantity_15974" type="text" size="3" value="1" class="quantity"><input type="hidden" name="catEntryId" value="15975"><input type="hidden" name="productId" value="15974"><input type="hidden" name="URL" value="http://www.sainsburys.co.uk/webapp/wcs/stores/servlet/CategoryDisplay?msg=&amp;langId=44&amp;storeId=10151&amp;krypto=dWRBEruPqAfbVyAqf1RFlIRbFBNh1P3L1cpaRI7ENFt%2FNTfEPCN1eEciR3ynWr3XBSzviVwUDbrjFfBvxPX5AY669CVYyRJYq%2FUKhjkyBwm7A8JbQdXyGogMwMKAT8EFeRuhFOt3YxLgIkPF9MBMUHU3R5B29wmqXOeee4Ntg7Q%3D&amp;ddkey=http%3Agb%2Fgroceries%2Ffood-cupboard%2Fby-sainsburys"><input type="hidden" name="page" value=""><input type="hidden" name="contractId" value=""><input type="hidden" name="calculateOrder" value="1"><input type="hidden" name="calculationUsage" value="-1,-2,-3"><input type="hidden" name="updateable" value="1"><input type="hidden" name="merge" value="***"><input type="hidden" name="callAjax" value="false"><input class="button process" type="submit" name="Add" value="Add">
</form>
	<!-- END AddToTrolley.jsp -->
        <div class="numberInTrolley hidden numberInTrolley_15974" id="numberInTrolley_15974">
            
        </div>
    
                                        </div>

                                        <!-- BEGIN CatalogEntryRatingsReviewsInfo.jspf --><!-- productAllowedRatingsAndReviews: true -->
    <div class="reviews">
        
            <a class="numberOfReviews" href="http://www.sainsburys.co.uk/shop/gb/groceries/by-sainsburys/sainsburys-chunky-beef---vegetable-soup-400g#reviews">
                <img src="http://c2.sainsburys.co.uk/wcsstore7.20.1.145/SainsburysStorefrontAssetStore/img/stars/rating-5_0.gif" alt="5.0" border="0">Â  
                Reviews (2)
            </a>
        
    </div>
<!-- END CatalogEntryRatingsReviewsInfo.jspf -->
                                   </div>
                               <!-- Start AddToSubscriptionList.jspf --><!-- Start AddToSubscriptionList.jsp --><!-- End AddToSubscriptionList.jsp --><!-- End AddToSubscriptionList.jspf -->     
                    </div>
                            
                    
                </div>     
            </div>
            <!--ThumbnailRestriction --><!-- END CatalogEntryThumbnailDisplay.jsp -->
	                            </div>
</li>
	                         

	                            <li class="gridItem" style="min-height: 406px;">
	                                <!-- BEGIN CatalogEntryThumbnailDisplay.jsp --><!-- BEGIN MerchandisingAssociationsDisplay.jsp --><!-- Start - JSP File Name:  MerchandisingAssociationsDisplay.jsp --><!-- END MerchandisingAssociationsDisplay.jsp -->
            <div class="product ">
                
                <div class="productInfo">
                    <div class="productNameAndPromotions">
                        
                                  <h3>
                                    <a href="http://www.sainsburys.co.uk/shop/gb/groceries/by-sainsburys/sainsburys-beef---vegetable-soup-400g">
                                        Sainsbury's Beef &amp; Vegetable Soup 400g
                                        <img src="http://c2.sainsburys.co.uk/wcsstore7.20.1.145/ExtendedSitesCatalogAssetStore/images/catalog/productImages/90/0000001897890/0000001897890_L.jpeg" alt=""></a>
                                </h3>
                              
                    </div> 
                </div>
                
                <div class="errorBanner hidden" id="error516337"></div>
                <div class="addToTrolleytabBox">   
                    <!--addToTrolleytabBox GRID VIEW --><!-- Start UserSubscribedOrNot.jspf --><!-- Start UserSubscribedOrNot.jsp --><!-- 
			If the user is not logged in, render this opening 
			DIV adding an addtional class to fix the border top which is removed 
			and replaced by the tabs
		-->
		<div class="addToTrolleytabContainer addItemBorderTop">
	<!-- End AddToSubscriptionList.jsp --><!-- End AddSubscriptionList.jspf --><!-- 
                    ATTENTION!!!
                    <div class="addToTrolleytabContainer">
                    This opening div is inside "../../ReusableObjects/UserSubscribedOrNot.jsp"
                    -->
                    <div class="pricingAndTrolleyOptions">
                    	
                                    <div class="priceTab priceTabContainer activeContainer addItem" id="addItem_516337">
                                       <div class="pricing">
                                           
	<p class="pricePerUnit">
    Â£0.50<abbr title="per">/</abbr><abbr title="unit"><span class="pricePerUnitUnit">unit</span></abbr>
</p>
 
    <p class="pricePerMeasure">Â£0.13<abbr title="per">/</abbr>100<abbr title="gram"><span class="pricePerMeasureMeasure">g</span></abbr>
    </p>

                                       </div>                                      

                                     
                                        <div class="addToTrolleyForm "> 
                                           <!-- BEGIN AddToTrolley.jsp -->

		<form class="addToTrolleyForm" name="OrderItemAddForm_516337" action="OrderItemAdd" method="post" id="OrderItemAddForm_516337">
		    <input type="hidden" name="storeId" value="10151"><input type="hidden" name="langId" value="44"><input type="hidden" name="catalogId" value="10241"><input type="hidden" name="errorViewName" value="CategoryDisplayView"><input type="hidden" name="SKU_ID" value="7621381"><input type="hidden" name="itemType" value=""><label class="access" for="quantity_516336">Quantity</label>
		        
					<input name="quantity" id="quantity_516336" type="text" size="3" value="1" class="quantity"><input type="hidden" name="catEntryId" value="516337"><input type="hidden" name="productId" value="516336"><input type="hidden" name="URL" value="http://www.sainsburys.co.uk/webapp/wcs/stores/servlet/CategoryDisplay?msg=&amp;langId=44&amp;storeId=10151&amp;krypto=dWRBEruPqAfbVyAqf1RFlIRbFBNh1P3L1cpaRI7ENFt%2FNTfEPCN1eEciR3ynWr3XBSzviVwUDbrjFfBvxPX5AY669CVYyRJYq%2FUKhjkyBwm7A8JbQdXyGogMwMKAT8EFeRuhFOt3YxLgIkPF9MBMUHU3R5B29wmqXOeee4Ntg7Q%3D&amp;ddkey=http%3Agb%2Fgroceries%2Ffood-cupboard%2Fby-sainsburys"><input type="hidden" name="page" value=""><input type="hidden" name="contractId" value=""><input type="hidden" name="calculateOrder" value="1"><input type="hidden" name="calculationUsage" value="-1,-2,-3"><input type="hidden" name="updateable" value="1"><input type="hidden" name="merge" value="***"><input type="hidden" name="callAjax" value="false"><input class="button process" type="submit" name="Add" value="Add">
</form>
	<!-- END AddToTrolley.jsp -->
        <div class="numberInTrolley hidden numberInTrolley_516336" id="numberInTrolley_516336">
            
        </div>
    
                                        </div>

                                        <!-- BEGIN CatalogEntryRatingsReviewsInfo.jspf --><!-- productAllowedRatingsAndReviews: true -->
    <div class="reviews">
        
            <a class="numberOfReviews" href="http://www.sainsburys.co.uk/shop/gb/groceries/by-sainsburys/sainsburys-beef---vegetable-soup-400g#reviews">
                <img src="http://c2.sainsburys.co.uk/wcsstore7.20.1.145/SainsburysStorefrontAssetStore/img/stars/rating-5_0.gif" alt="5.0" border="0">Â  
                Reviews (1)
            </a>
        
    </div>
<!-- END CatalogEntryRatingsReviewsInfo.jspf -->
                                   </div>
                               <!-- Start AddToSubscriptionList.jspf --><!-- Start AddToSubscriptionList.jsp --><!-- End AddToSubscriptionList.jsp --><!-- End AddToSubscriptionList.jspf -->     
                    </div>
                            
                    
                </div>     
            </div>
            <!--ThumbnailRestriction --><!-- END CatalogEntryThumbnailDisplay.jsp -->
	                            </div>
</li>
	                         

	                            <li class="gridItem" style="min-height: 406px;">
	                                <!-- BEGIN CatalogEntryThumbnailDisplay.jsp --><!-- BEGIN MerchandisingAssociationsDisplay.jsp --><!-- Start - JSP File Name:  MerchandisingAssociationsDisplay.jsp --><!-- END MerchandisingAssociationsDisplay.jsp -->
            <div class="product ">
                
                <div class="productInfo">
                    <div class="productNameAndPromotions">
                        
                                  <h3>
                                    <a href="http://www.sainsburys.co.uk/shop/gb/groceries/by-sainsburys/sainsburys-tomato-soup--be-good-to-yourself-400g">
                                        Sainsbury's Tomato Soup, Be Good To Yourself 400g
                                        <img src="http://c2.sainsburys.co.uk/wcsstore7.20.1.145/ExtendedSitesCatalogAssetStore/images/catalog/productImages/63/0000001711363/0000001711363_L.jpeg" alt=""></a>
                                </h3>
                              
                    </div> 
                </div>
                
                <div class="errorBanner hidden" id="error15981"></div>
                <div class="addToTrolleytabBox">   
                    <!--addToTrolleytabBox GRID VIEW --><!-- Start UserSubscribedOrNot.jspf --><!-- Start UserSubscribedOrNot.jsp --><!-- 
			If the user is not logged in, render this opening 
			DIV adding an addtional class to fix the border top which is removed 
			and replaced by the tabs
		-->
		<div class="addToTrolleytabContainer addItemBorderTop">
	<!-- End AddToSubscriptionList.jsp --><!-- End AddSubscriptionList.jspf --><!-- 
                    ATTENTION!!!
                    <div class="addToTrolleytabContainer">
                    This opening div is inside "../../ReusableObjects/UserSubscribedOrNot.jsp"
                    -->
                    <div class="pricingAndTrolleyOptions">
                    	
                                    <div class="priceTab priceTabContainer activeContainer addItem" id="addItem_15981">
                                       <div class="pricing">
                                           
	<p class="pricePerUnit">
    Â£0.50<abbr title="per">/</abbr><abbr title="unit"><span class="pricePerUnitUnit">unit</span></abbr>
</p>
 
    <p class="pricePerMeasure">Â£0.13<abbr title="per">/</abbr>100<abbr title="gram"><span class="pricePerMeasureMeasure">g</span></abbr>
    </p>

                                       </div>                                      

                                     
                                        <div class="addToTrolleyForm "> 
                                           <!-- BEGIN AddToTrolley.jsp -->

		<form class="addToTrolleyForm" name="OrderItemAddForm_15981" action="OrderItemAdd" method="post" id="OrderItemAddForm_15981">
		    <input type="hidden" name="storeId" value="10151"><input type="hidden" name="langId" value="44"><input type="hidden" name="catalogId" value="10241"><input type="hidden" name="errorViewName" value="CategoryDisplayView"><input type="hidden" name="SKU_ID" value="7575827"><input type="hidden" name="itemType" value=""><label class="access" for="quantity_15980">Quantity</label>
		        
					<input name="quantity" id="quantity_15980" type="text" size="3" value="1" class="quantity"><input type="hidden" name="catEntryId" value="15981"><input type="hidden" name="productId" value="15980"><input type="hidden" name="URL" value="http://www.sainsburys.co.uk/webapp/wcs/stores/servlet/CategoryDisplay?msg=&amp;langId=44&amp;storeId=10151&amp;krypto=dWRBEruPqAfbVyAqf1RFlIRbFBNh1P3L1cpaRI7ENFt%2FNTfEPCN1eEciR3ynWr3XBSzviVwUDbrjFfBvxPX5AY669CVYyRJYq%2FUKhjkyBwm7A8JbQdXyGogMwMKAT8EFeRuhFOt3YxLgIkPF9MBMUHU3R5B29wmqXOeee4Ntg7Q%3D&amp;ddkey=http%3Agb%2Fgroceries%2Ffood-cupboard%2Fby-sainsburys"><input type="hidden" name="page" value=""><input type="hidden" name="contractId" value=""><input type="hidden" name="calculateOrder" value="1"><input type="hidden" name="calculationUsage" value="-1,-2,-3"><input type="hidden" name="updateable" value="1"><input type="hidden" name="merge" value="***"><input type="hidden" name="callAjax" value="false"><input class="button process" type="submit" name="Add" value="Add">
</form>
	<!-- END AddToTrolley.jsp -->
        <div class="numberInTrolley hidden numberInTrolley_15980" id="numberInTrolley_15980">
            
        </div>
    
                                        </div>

                                        <!-- BEGIN CatalogEntryRatingsReviewsInfo.jspf --><!-- productAllowedRatingsAndReviews: true -->
    <div class="reviews">
        
            <a class="numberOfReviews" href="http://www.sainsburys.co.uk/shop/gb/groceries/by-sainsburys/sainsburys-tomato-soup--be-good-to-yourself-400g#reviews">
                <img src="http://c2.sainsburys.co.uk/wcsstore7.20.1.145/SainsburysStorefrontAssetStore/img/stars/rating-4_2.gif" alt="4.2" border="0">Â  
                Reviews (5)
            </a>
        
    </div>
<!-- END CatalogEntryRatingsReviewsInfo.jspf -->
                                   </div>
                               <!-- Start AddToSubscriptionList.jspf --><!-- Start AddToSubscriptionList.jsp --><!-- End AddToSubscriptionList.jsp --><!-- End AddToSubscriptionList.jspf -->     
                    </div>
                            
                    
                </div>     
            </div>
            <!--ThumbnailRestriction --><!-- END CatalogEntryThumbnailDisplay.jsp -->
	                            </div>
</li>
	                         

	                            <li class="gridItem" style="min-height: 406px;">
	                                <!-- BEGIN CatalogEntryThumbnailDisplay.jsp --><!-- BEGIN MerchandisingAssociationsDisplay.jsp --><!-- Start - JSP File Name:  MerchandisingAssociationsDisplay.jsp --><!-- END MerchandisingAssociationsDisplay.jsp -->
            <div class="product ">
                
                <div class="productInfo">
                    <div class="productNameAndPromotions">
                        
                                  <h3>
                                    <a href="http://www.sainsburys.co.uk/shop/gb/groceries/by-sainsburys/sainsburys-chunky-chicken-potato---bacon-soup-400g">
                                        Sainsbury's Chunky Chicken Potato &amp; Bacon Soup 400g
                                        <img src="http://c2.sainsburys.co.uk/wcsstore7.20.1.145/ExtendedSitesCatalogAssetStore/images/catalog/productImages/67/0000001851267/0000001851267_L.jpeg" alt=""></a>
                                </h3>
                              
                    </div> 
                </div>
                
                <div class="errorBanner hidden" id="error15969"></div>
                <div class="addToTrolleytabBox">   
                    <!--addToTrolleytabBox GRID VIEW --><!-- Start UserSubscribedOrNot.jspf --><!-- Start UserSubscribedOrNot.jsp --><!-- 
			If the user is not logged in, render this opening 
			DIV adding an addtional class to fix the border top which is removed 
			and replaced by the tabs
		-->
		<div class="addToTrolleytabContainer addItemBorderTop">
	<!-- End AddToSubscriptionList.jsp --><!-- End AddSubscriptionList.jspf --><!-- 
                    ATTENTION!!!
                    <div class="addToTrolleytabContainer">
                    This opening div is inside "../../ReusableObjects/UserSubscribedOrNot.jsp"
                    -->
                    <div class="pricingAndTrolleyOptions">
                    	
                                    <div class="priceTab priceTabContainer activeContainer addItem" id="addItem_15969">
                                       <div class="pricing">
                                           
	<p class="pricePerUnit">
    Â£0.75<abbr title="per">/</abbr><abbr title="unit"><span class="pricePerUnitUnit">unit</span></abbr>
</p>
 
    <p class="pricePerMeasure">Â£0.19<abbr title="per">/</abbr>100<abbr title="gram"><span class="pricePerMeasureMeasure">g</span></abbr>
    </p>

                                       </div>                                      

                                     
                                        <div class="addToTrolleyForm "> 
                                           <!-- BEGIN AddToTrolley.jsp -->

		<form class="addToTrolleyForm" name="OrderItemAddForm_15969" action="OrderItemAdd" method="post" id="OrderItemAddForm_15969">
		    <input type="hidden" name="storeId" value="10151"><input type="hidden" name="langId" value="44"><input type="hidden" name="catalogId" value="10241"><input type="hidden" name="errorViewName" value="CategoryDisplayView"><input type="hidden" name="SKU_ID" value="7575762"><input type="hidden" name="itemType" value=""><label class="access" for="quantity_15968">Quantity</label>
		        
					<input name="quantity" id="quantity_15968" type="text" size="3" value="1" class="quantity"><input type="hidden" name="catEntryId" value="15969"><input type="hidden" name="productId" value="15968"><input type="hidden" name="URL" value="http://www.sainsburys.co.uk/webapp/wcs/stores/servlet/CategoryDisplay?msg=&amp;langId=44&amp;storeId=10151&amp;krypto=dWRBEruPqAfbVyAqf1RFlIRbFBNh1P3L1cpaRI7ENFt%2FNTfEPCN1eEciR3ynWr3XBSzviVwUDbrjFfBvxPX5AY669CVYyRJYq%2FUKhjkyBwm7A8JbQdXyGogMwMKAT8EFeRuhFOt3YxLgIkPF9MBMUHU3R5B29wmqXOeee4Ntg7Q%3D&amp;ddkey=http%3Agb%2Fgroceries%2Ffood-cupboard%2Fby-sainsburys"><input type="hidden" name="page" value=""><input type="hidden" name="contractId" value=""><input type="hidden" name="calculateOrder" value="1"><input type="hidden" name="calculationUsage" value="-1,-2,-3"><input type="hidden" name="updateable" value="1"><input type="hidden" name="merge" value="***"><input type="hidden" name="callAjax" value="false"><input class="button process" type="submit" name="Add" value="Add">
</form>
	<!-- END AddToTrolley.jsp -->
        <div class="numberInTrolley hidden numberInTrolley_15968" id="numberInTrolley_15968">
            
        </div>
    
                                        </div>

                                        <!-- BEGIN CatalogEntryRatingsReviewsInfo.jspf --><!-- productAllowedRatingsAndReviews: true -->
    <div class="reviews">
        
	        <a class="numberOfReviews repressive" href="http://reviews.sainsburys.co.uk//8076-en_gb/7575762-P/writereview.htm?submissionurl=http%3A%2F%2Fwww.sainsburys.co.uk%2Fwebapp%2Fwcs%2Fstores%2Fservlet%2FBVReviewSubmitDisplay%3FcatalogId%3D10867%26storeId%3D10151%26recipe%3D%26langId%3D44%26productId%3D7575762-P&amp;return=http%3A%2F%2Fwww.sainsburys.co.uk%2Fshop%2FCategoryDisplay%3FpageSize%3D30%26catalogId%3D10867%26level%3D3%26top_category%3D12422%26parent_category_rn%3D12422%26langId%3D44%26categoryId%3D283808%26beginIndex%3D0%26storeId%3D10151">
	    Write a review
          	</a>
        
    </div>
<!-- END CatalogEntryRatingsReviewsInfo.jspf -->
                                   </div>
                               <!-- Start AddToSubscriptionList.jspf --><!-- Start AddToSubscriptionList.jsp --><!-- End AddToSubscriptionList.jsp --><!-- End AddToSubscriptionList.jspf -->     
                    </div>
                            
                    
                </div>     
            </div>
            <!--ThumbnailRestriction --><!-- END CatalogEntryThumbnailDisplay.jsp -->
	                            </div>
</li>
	                         

	                            <li class="gridItem" style="min-height: 406px;">
	                                <!-- BEGIN CatalogEntryThumbnailDisplay.jsp --><!-- BEGIN MerchandisingAssociationsDisplay.jsp --><!-- Start - JSP File Name:  MerchandisingAssociationsDisplay.jsp --><!-- END MerchandisingAssociationsDisplay.jsp -->
            <div class="product ">
                
                <div class="productInfo">
                    <div class="productNameAndPromotions">
                        
                                  <h3>
                                    <a href="http://www.sainsburys.co.uk/shop/gb/groceries/by-sainsburys/sainsburys-cream-of-chicken-cup-soup-4x22g">
                                        Sainsbury's Cream Of Chicken Cup Soup 4x22g
                                        <img src="http://c2.sainsburys.co.uk/wcsstore7.20.1.145/ExtendedSitesCatalogAssetStore/images/catalog/productImages/95/0000001842395/0000001842395_L.jpeg" alt=""></a>
                                </h3>
                              
                    </div> 
                </div>
                
                <div class="errorBanner hidden" id="error32843"></div>
                <div class="addToTrolleytabBox">   
                    <!--addToTrolleytabBox GRID VIEW --><!-- Start UserSubscribedOrNot.jspf --><!-- Start UserSubscribedOrNot.jsp --><!-- 
			If the user is not logged in, render this opening 
			DIV adding an addtional class to fix the border top which is removed 
			and replaced by the tabs
		-->
		<div class="addToTrolleytabContainer addItemBorderTop">
	<!-- End AddToSubscriptionList.jsp --><!-- End AddSubscriptionList.jspf --><!-- 
                    ATTENTION!!!
                    <div class="addToTrolleytabContainer">
                    This opening div is inside "../../ReusableObjects/UserSubscribedOrNot.jsp"
                    -->
                    <div class="pricingAndTrolleyOptions">
                    	
                                    <div class="priceTab priceTabContainer activeContainer addItem" id="addItem_32843">
                                       <div class="pricing">
                                           
	<p class="pricePerUnit">
    Â£0.65<abbr title="per">/</abbr><abbr title="unit"><span class="pricePerUnitUnit">unit</span></abbr>
</p>
 
    <p class="pricePerMeasure">Â£0.74<abbr title="per">/</abbr>100<abbr title="gram"><span class="pricePerMeasureMeasure">g</span></abbr>
    </p>

                                       </div>                                      

                                     
                                        <div class="addToTrolleyForm "> 
                                           <!-- BEGIN AddToTrolley.jsp -->

		<form class="addToTrolleyForm" name="OrderItemAddForm_32843" action="OrderItemAdd" method="post" id="OrderItemAddForm_32843">
		    <input type="hidden" name="storeId" value="10151"><input type="hidden" name="langId" value="44"><input type="hidden" name="catalogId" value="10241"><input type="hidden" name="errorViewName" value="CategoryDisplayView"><input type="hidden" name="SKU_ID" value="7567120"><input type="hidden" name="itemType" value=""><label class="access" for="quantity_32842">Quantity</label>
		        
					<input name="quantity" id="quantity_32842" type="text" size="3" value="1" class="quantity"><input type="hidden" name="catEntryId" value="32843"><input type="hidden" name="productId" value="32842"><input type="hidden" name="URL" value="http://www.sainsburys.co.uk/webapp/wcs/stores/servlet/CategoryDisplay?msg=&amp;langId=44&amp;storeId=10151&amp;krypto=dWRBEruPqAfbVyAqf1RFlIRbFBNh1P3L1cpaRI7ENFt%2FNTfEPCN1eEciR3ynWr3XBSzviVwUDbrjFfBvxPX5AY669CVYyRJYq%2FUKhjkyBwm7A8JbQdXyGogMwMKAT8EFeRuhFOt3YxLgIkPF9MBMUHU3R5B29wmqXOeee4Ntg7Q%3D&amp;ddkey=http%3Agb%2Fgroceries%2Ffood-cupboard%2Fby-sainsburys"><input type="hidden" name="page" value=""><input type="hidden" name="contractId" value=""><input type="hidden" name="calculateOrder" value="1"><input type="hidden" name="calculationUsage" value="-1,-2,-3"><input type="hidden" name="updateable" value="1"><input type="hidden" name="merge" value="***"><input type="hidden" name="callAjax" value="false"><input class="button process" type="submit" name="Add" value="Add">
</form>
	<!-- END AddToTrolley.jsp -->
        <div class="numberInTrolley hidden numberInTrolley_32842" id="numberInTrolley_32842">
            
        </div>
    
                                        </div>

                                        <!-- BEGIN CatalogEntryRatingsReviewsInfo.jspf --><!-- productAllowedRatingsAndReviews: true -->
    <div class="reviews">
        
            <a class="numberOfReviews" href="http://www.sainsburys.co.uk/shop/gb/groceries/by-sainsburys/sainsburys-cream-of-chicken-cup-soup-4x22g#reviews">
                <img src="http://c2.sainsburys.co.uk/wcsstore7.20.1.145/SainsburysStorefrontAssetStore/img/stars/rating-3_0.gif" alt="3.0" border="0">Â  
                Reviews (2)
            </a>
        
    </div>
<!-- END CatalogEntryRatingsReviewsInfo.jspf -->
                                   </div>
                               <!-- Start AddToSubscriptionList.jspf --><!-- Start AddToSubscriptionList.jsp --><!-- End AddToSubscriptionList.jsp --><!-- End AddToSubscriptionList.jspf -->     
                    </div>
                            
                    
                </div>     
            </div>
            <!--ThumbnailRestriction --><!-- END CatalogEntryThumbnailDisplay.jsp -->
	                            </div>
</li>
	                         

	                            <li class="gridItem" style="min-height: 406px;">
	                                <!-- BEGIN CatalogEntryThumbnailDisplay.jsp --><!-- BEGIN MerchandisingAssociationsDisplay.jsp --><!-- Start - JSP File Name:  MerchandisingAssociationsDisplay.jsp --><!-- END MerchandisingAssociationsDisplay.jsp -->
            <div class="product ">
                
                <div class="productInfo">
                    <div class="productNameAndPromotions">
                        
                                  <h3>
                                    <a href="http://www.sainsburys.co.uk/shop/gb/groceries/by-sainsburys/sainsburys-chunky-butter-bean---chorizo-soup-400g">
                                        Sainsbury's Chunky Butter Bean &amp; Chorizo Soup 400g
                                        <img src="http://c2.sainsburys.co.uk/wcsstore7.20.1.145/ExtendedSitesCatalogAssetStore/images/catalog/productImages/68/0000001851168/0000001851168_L.jpeg" alt=""></a>
                                </h3>
                              
                    </div> 
                </div>
                
                <div class="errorBanner hidden" id="error15961"></div>
                <div class="addToTrolleytabBox">   
                    <!--addToTrolleytabBox GRID VIEW --><!-- Start UserSubscribedOrNot.jspf --><!-- Start UserSubscribedOrNot.jsp --><!-- 
			If the user is not logged in, render this opening 
			DIV adding an addtional class to fix the border top which is removed 
			and replaced by the tabs
		-->
		<div class="addToTrolleytabContainer addItemBorderTop">
	<!-- End AddToSubscriptionList.jsp --><!-- End AddSubscriptionList.jspf --><!-- 
                    ATTENTION!!!
                    <div class="addToTrolleytabContainer">
                    This opening div is inside "../../ReusableObjects/UserSubscribedOrNot.jsp"
                    -->
                    <div class="pricingAndTrolleyOptions">
                    	
                                    <div class="priceTab priceTabContainer activeContainer addItem" id="addItem_15961">
                                       <div class="pricing">
                                           
	<p class="pricePerUnit">
    Â£0.75<abbr title="per">/</abbr><abbr title="unit"><span class="pricePerUnitUnit">unit</span></abbr>
</p>
 
    <p class="pricePerMeasure">Â£0.19<abbr title="per">/</abbr>100<abbr title="gram"><span class="pricePerMeasureMeasure">g</span></abbr>
    </p>

                                       </div>                                      

                                     
                                        <div class="addToTrolleyForm "> 
                                           <!-- BEGIN AddToTrolley.jsp -->

		<form class="addToTrolleyForm" name="OrderItemAddForm_15961" action="OrderItemAdd" method="post" id="OrderItemAddForm_15961">
		    <input type="hidden" name="storeId" value="10151"><input type="hidden" name="langId" value="44"><input type="hidden" name="catalogId" value="10241"><input type="hidden" name="errorViewName" value="CategoryDisplayView"><input type="hidden" name="SKU_ID" value="7575670"><input type="hidden" name="itemType" value=""><label class="access" for="quantity_15960">Quantity</label>
		        
					<input name="quantity" id="quantity_15960" type="text" size="3" value="1" class="quantity"><input type="hidden" name="catEntryId" value="15961"><input type="hidden" name="productId" value="15960"><input type="hidden" name="URL" value="http://www.sainsburys.co.uk/webapp/wcs/stores/servlet/CategoryDisplay?msg=&amp;langId=44&amp;storeId=10151&amp;krypto=dWRBEruPqAfbVyAqf1RFlIRbFBNh1P3L1cpaRI7ENFt%2FNTfEPCN1eEciR3ynWr3XBSzviVwUDbrjFfBvxPX5AY669CVYyRJYq%2FUKhjkyBwm7A8JbQdXyGogMwMKAT8EFeRuhFOt3YxLgIkPF9MBMUHU3R5B29wmqXOeee4Ntg7Q%3D&amp;ddkey=http%3Agb%2Fgroceries%2Ffood-cupboard%2Fby-sainsburys"><input type="hidden" name="page" value=""><input type="hidden" name="contractId" value=""><input type="hidden" name="calculateOrder" value="1"><input type="hidden" name="calculationUsage" value="-1,-2,-3"><input type="hidden" name="updateable" value="1"><input type="hidden" name="merge" value="***"><input type="hidden" name="callAjax" value="false"><input class="button process" type="submit" name="Add" value="Add">
</form>
	<!-- END AddToTrolley.jsp -->
        <div class="numberInTrolley hidden numberInTrolley_15960" id="numberInTrolley_15960">
            
        </div>
    
                                        </div>

                                        <!-- BEGIN CatalogEntryRatingsReviewsInfo.jspf --><!-- productAllowedRatingsAndReviews: true -->
    <div class="reviews">
        
            <a class="numberOfReviews" href="http://www.sainsburys.co.uk/shop/gb/groceries/by-sainsburys/sainsburys-chunky-butter-bean---chorizo-soup-400g#reviews">
                <img src="http://c2.sainsburys.co.uk/wcsstore7.20.1.145/SainsburysStorefrontAssetStore/img/stars/rating-4_3.gif" alt="4.3333" border="0">Â  
                Reviews (6)
            </a>
        
    </div>
<!-- END CatalogEntryRatingsReviewsInfo.jspf -->
                                   </div>
                               <!-- Start AddToSubscriptionList.jspf --><!-- Start AddToSubscriptionList.jsp --><!-- End AddToSubscriptionList.jsp --><!-- End AddToSubscriptionList.jspf -->     
                    </div>
                            
                    
                </div>     
            </div>
            <!--ThumbnailRestriction --><!-- END CatalogEntryThumbnailDisplay.jsp -->
	                            </div>
</li>
	                         

	                            <li class="gridItem" style="min-height: 406px;">
	                                <!-- BEGIN CatalogEntryThumbnailDisplay.jsp --><!-- BEGIN MerchandisingAssociationsDisplay.jsp --><!-- Start - JSP File Name:  MerchandisingAssociationsDisplay.jsp --><!-- END MerchandisingAssociationsDisplay.jsp -->
            <div class="product ">
                
                <div class="productInfo">
                    <div class="productNameAndPromotions">
                        
                                  <h3>
                                    <a href="http://www.sainsburys.co.uk/shop/gb/groceries/by-sainsburys/sainsburys-tomato---basil-cup-soup-66g--be-good-to-yourself-%284x165g%29">
                                        Sainsbury's Tomato &amp; Basil Cup Soup, Be Good To Yourself 4x16.5g
                                        <img src="http://c2.sainsburys.co.uk/wcsstore7.20.1.145/ExtendedSitesCatalogAssetStore/images/catalog/productImages/79/0000001842579/0000001842579_L.jpeg" alt=""></a>
                                </h3>
                              
                    </div> 
                </div>
                
                <div class="errorBanner hidden" id="error32871"></div>
                <div class="addToTrolleytabBox">   
                    <!--addToTrolleytabBox GRID VIEW --><!-- Start UserSubscribedOrNot.jspf --><!-- Start UserSubscribedOrNot.jsp --><!-- 
			If the user is not logged in, render this opening 
			DIV adding an addtional class to fix the border top which is removed 
			and replaced by the tabs
		-->
		<div class="addToTrolleytabContainer addItemBorderTop">
	<!-- End AddToSubscriptionList.jsp --><!-- End AddSubscriptionList.jspf --><!-- 
                    ATTENTION!!!
                    <div class="addToTrolleytabContainer">
                    This opening div is inside "../../ReusableObjects/UserSubscribedOrNot.jsp"
                    -->
                    <div class="pricingAndTrolleyOptions">
                    	
                                    <div class="priceTab priceTabContainer activeContainer addItem" id="addItem_32871">
                                       <div class="pricing">
                                           
	<p class="pricePerUnit">
    Â£0.65<abbr title="per">/</abbr><abbr title="unit"><span class="pricePerUnitUnit">unit</span></abbr>
</p>
 
    <p class="pricePerMeasure">Â£0.98<abbr title="per">/</abbr>100<abbr title="gram"><span class="pricePerMeasureMeasure">g</span></abbr>
    </p>

                                       </div>                                      

                                     
                                        <div class="addToTrolleyForm "> 
                                           <!-- BEGIN AddToTrolley.jsp -->

		<form class="addToTrolleyForm" name="OrderItemAddForm_32871" action="OrderItemAdd" method="post" id="OrderItemAddForm_32871">
		    <input type="hidden" name="storeId" value="10151"><input type="hidden" name="langId" value="44"><input type="hidden" name="catalogId" value="10241"><input type="hidden" name="errorViewName" value="CategoryDisplayView"><input type="hidden" name="SKU_ID" value="7567279"><input type="hidden" name="itemType" value=""><label class="access" for="quantity_32870">Quantity</label>
		        
					<input name="quantity" id="quantity_32870" type="text" size="3" value="1" class="quantity"><input type="hidden" name="catEntryId" value="32871"><input type="hidden" name="productId" value="32870"><input type="hidden" name="URL" value="http://www.sainsburys.co.uk/webapp/wcs/stores/servlet/CategoryDisplay?msg=&amp;langId=44&amp;storeId=10151&amp;krypto=dWRBEruPqAfbVyAqf1RFlIRbFBNh1P3L1cpaRI7ENFt%2FNTfEPCN1eEciR3ynWr3XBSzviVwUDbrjFfBvxPX5AY669CVYyRJYq%2FUKhjkyBwm7A8JbQdXyGogMwMKAT8EFeRuhFOt3YxLgIkPF9MBMUHU3R5B29wmqXOeee4Ntg7Q%3D&amp;ddkey=http%3Agb%2Fgroceries%2Ffood-cupboard%2Fby-sainsburys"><input type="hidden" name="page" value=""><input type="hidden" name="contractId" value=""><input type="hidden" name="calculateOrder" value="1"><input type="hidden" name="calculationUsage" value="-1,-2,-3"><input type="hidden" name="updateable" value="1"><input type="hidden" name="merge" value="***"><input type="hidden" name="callAjax" value="false"><input class="button process" type="submit" name="Add" value="Add">
</form>
	<!-- END AddToTrolley.jsp -->
        <div class="numberInTrolley hidden numberInTrolley_32870" id="numberInTrolley_32870">
            
        </div>
    
                                        </div>

                                        <!-- BEGIN CatalogEntryRatingsReviewsInfo.jspf --><!-- productAllowedRatingsAndReviews: true -->
    <div class="reviews">
        
            <a class="numberOfReviews" href="http://www.sainsburys.co.uk/shop/gb/groceries/by-sainsburys/sainsburys-tomato---basil-cup-soup-66g--be-good-to-yourself-%284x165g%29#reviews">
                <img src="http://c2.sainsburys.co.uk/wcsstore7.20.1.145/SainsburysStorefrontAssetStore/img/stars/rating-4_0.gif" alt="4.0" border="0">Â  
                Reviews (5)
            </a>
        
    </div>
<!-- END CatalogEntryRatingsReviewsInfo.jspf -->
                                   </div>
                               <!-- Start AddToSubscriptionList.jspf --><!-- Start AddToSubscriptionList.jsp --><!-- End AddToSubscriptionList.jsp --><!-- End AddToSubscriptionList.jspf -->     
                    </div>
                            
                    
                </div>     
            </div>
            <!--ThumbnailRestriction --><!-- END CatalogEntryThumbnailDisplay.jsp -->
	                            </div>
</li>
	                         

	                            <li class="gridItem" style="min-height: 406px;">
	                                <!-- BEGIN CatalogEntryThumbnailDisplay.jsp --><!-- BEGIN MerchandisingAssociationsDisplay.jsp --><!-- Start - JSP File Name:  MerchandisingAssociationsDisplay.jsp --><!-- END MerchandisingAssociationsDisplay.jsp -->
            <div class="product ">
                
                <div class="productInfo">
                    <div class="productNameAndPromotions">
                        
                                  <h3>
                                    <a href="http://www.sainsburys.co.uk/shop/gb/groceries/by-sainsburys/sainsburys-cream-of-tomato-cup-soup-4x25g">
                                        Sainsbury's Cream of Tomato Cup Soup 4x25g
                                        <img src="http://c2.sainsburys.co.uk/wcsstore7.20.1.145/ExtendedSitesCatalogAssetStore/images/catalog/productImages/88/0000001842388/0000001842388_L.jpeg" alt=""></a>
                                </h3>
                              
                    </div> 
                </div>
                
                <div class="errorBanner hidden" id="error32841"></div>
                <div class="addToTrolleytabBox">   
                    <!--addToTrolleytabBox GRID VIEW --><!-- Start UserSubscribedOrNot.jspf --><!-- Start UserSubscribedOrNot.jsp --><!-- 
			If the user is not logged in, render this opening 
			DIV adding an addtional class to fix the border top which is removed 
			and replaced by the tabs
		-->
		<div class="addToTrolleytabContainer addItemBorderTop">
	<!-- End AddToSubscriptionList.jsp --><!-- End AddSubscriptionList.jspf --><!-- 
                    ATTENTION!!!
                    <div class="addToTrolleytabContainer">
                    This opening div is inside "../../ReusableObjects/UserSubscribedOrNot.jsp"
                    -->
                    <div class="pricingAndTrolleyOptions">
                    	
                                    <div class="priceTab priceTabContainer activeContainer addItem" id="addItem_32841">
                                       <div class="pricing">
                                           
	<p class="pricePerUnit">
    Â£0.65<abbr title="per">/</abbr><abbr title="unit"><span class="pricePerUnitUnit">unit</span></abbr>
</p>
 
    <p class="pricePerMeasure">Â£0.65<abbr title="per">/</abbr>100<abbr title="gram"><span class="pricePerMeasureMeasure">g</span></abbr>
    </p>

                                       </div>                                      

                                     
                                        <div class="addToTrolleyForm "> 
                                           <!-- BEGIN AddToTrolley.jsp -->

		<form class="addToTrolleyForm" name="OrderItemAddForm_32841" action="OrderItemAdd" method="post" id="OrderItemAddForm_32841">
		    <input type="hidden" name="storeId" value="10151"><input type="hidden" name="langId" value="44"><input type="hidden" name="catalogId" value="10241"><input type="hidden" name="errorViewName" value="CategoryDisplayView"><input type="hidden" name="SKU_ID" value="7567109"><input type="hidden" name="itemType" value=""><label class="access" for="quantity_32840">Quantity</label>
		        
					<input name="quantity" id="quantity_32840" type="text" size="3" value="1" class="quantity"><input type="hidden" name="catEntryId" value="32841"><input type="hidden" name="productId" value="32840"><input type="hidden" name="URL" value="http://www.sainsburys.co.uk/webapp/wcs/stores/servlet/CategoryDisplay?msg=&amp;langId=44&amp;storeId=10151&amp;krypto=dWRBEruPqAfbVyAqf1RFlIRbFBNh1P3L1cpaRI7ENFt%2FNTfEPCN1eEciR3ynWr3XBSzviVwUDbrjFfBvxPX5AY669CVYyRJYq%2FUKhjkyBwm7A8JbQdXyGogMwMKAT8EFeRuhFOt3YxLgIkPF9MBMUHU3R5B29wmqXOeee4Ntg7Q%3D&amp;ddkey=http%3Agb%2Fgroceries%2Ffood-cupboard%2Fby-sainsburys"><input type="hidden" name="page" value=""><input type="hidden" name="contractId" value=""><input type="hidden" name="calculateOrder" value="1"><input type="hidden" name="calculationUsage" value="-1,-2,-3"><input type="hidden" name="updateable" value="1"><input type="hidden" name="merge" value="***"><input type="hidden" name="callAjax" value="false"><input class="button process" type="submit" name="Add" value="Add">
</form>
	<!-- END AddToTrolley.jsp -->
        <div class="numberInTrolley hidden numberInTrolley_32840" id="numberInTrolley_32840">
            
        </div>
    
                                        </div>

                                        <!-- BEGIN CatalogEntryRatingsReviewsInfo.jspf --><!-- productAllowedRatingsAndReviews: true -->
    <div class="reviews">
        
            <a class="numberOfReviews" href="http://www.sainsburys.co.uk/shop/gb/groceries/by-sainsburys/sainsburys-cream-of-tomato-cup-soup-4x25g#reviews">
                <img src="http://c2.sainsburys.co.uk/wcsstore7.20.1.145/SainsburysStorefrontAssetStore/img/stars/rating-5_0.gif" alt="5.0" border="0">Â  
                Reviews (1)
            </a>
        
    </div>
<!-- END CatalogEntryRatingsReviewsInfo.jspf -->
                                   </div>
                               <!-- Start AddToSubscriptionList.jspf --><!-- Start AddToSubscriptionList.jsp --><!-- End AddToSubscriptionList.jsp --><!-- End AddToSubscriptionList.jspf -->     
                    </div>
                            
                    
                </div>     
            </div>
            <!--ThumbnailRestriction --><!-- END CatalogEntryThumbnailDisplay.jsp -->
	                            </div>
</li>
	                         

	                            <li class="gridItem" style="min-height: 406px;">
	                                <!-- BEGIN CatalogEntryThumbnailDisplay.jsp --><!-- BEGIN MerchandisingAssociationsDisplay.jsp --><!-- Start - JSP File Name:  MerchandisingAssociationsDisplay.jsp --><!-- END MerchandisingAssociationsDisplay.jsp -->
            <div class="product ">
                
                <div class="productInfo">
                    <div class="productNameAndPromotions">
                        
                                  <h3>
                                    <a href="http://www.sainsburys.co.uk/shop/gb/groceries/by-sainsburys/sainsburys-chunky-beef---dumplings-soup-400g">
                                        Sainsbury's Chunky Beef &amp; Dumplings Soup 400g
                                        <img src="http://c2.sainsburys.co.uk/wcsstore7.20.1.145/ExtendedSitesCatalogAssetStore/images/catalog/productImages/98/0000001851298/0000001851298_L.jpeg" alt=""></a>
                                </h3>
                              
                    </div> 
                </div>
                
                <div class="errorBanner hidden" id="error15973"></div>
                <div class="addToTrolleytabBox">   
                    <!--addToTrolleytabBox GRID VIEW --><!-- Start UserSubscribedOrNot.jspf --><!-- Start UserSubscribedOrNot.jsp --><!-- 
			If the user is not logged in, render this opening 
			DIV adding an addtional class to fix the border top which is removed 
			and replaced by the tabs
		-->
		<div class="addToTrolleytabContainer addItemBorderTop">
	<!-- End AddToSubscriptionList.jsp --><!-- End AddSubscriptionList.jspf --><!-- 
                    ATTENTION!!!
                    <div class="addToTrolleytabContainer">
                    This opening div is inside "../../ReusableObjects/UserSubscribedOrNot.jsp"
                    -->
                    <div class="pricingAndTrolleyOptions">
                    	
                                    <div class="priceTab priceTabContainer activeContainer addItem" id="addItem_15973">
                                       <div class="pricing">
                                           
	<p class="pricePerUnit">
    Â£0.75<abbr title="per">/</abbr><abbr title="unit"><span class="pricePerUnitUnit">unit</span></abbr>
</p>
 
    <p class="pricePerMeasure">Â£0.19<abbr title="per">/</abbr>100<abbr title="gram"><span class="pricePerMeasureMeasure">g</span></abbr>
    </p>

                                       </div>                                      

                                     
                                        <div class="addToTrolleyForm "> 
                                           <!-- BEGIN AddToTrolley.jsp -->

		<form class="addToTrolleyForm" name="OrderItemAddForm_15973" action="OrderItemAdd" method="post" id="OrderItemAddForm_15973">
		    <input type="hidden" name="storeId" value="10151"><input type="hidden" name="langId" value="44"><input type="hidden" name="catalogId" value="10241"><input type="hidden" name="errorViewName" value="CategoryDisplayView"><input type="hidden" name="SKU_ID" value="7575779"><input type="hidden" name="itemType" value=""><label class="access" for="quantity_15972">Quantity</label>
		        
					<input name="quantity" id="quantity_15972" type="text" size="3" value="1" class="quantity"><input type="hidden" name="catEntryId" value="15973"><input type="hidden" name="productId" value="15972"><input type="hidden" name="URL" value="http://www.sainsburys.co.uk/webapp/wcs/stores/servlet/CategoryDisplay?msg=&amp;langId=44&amp;storeId=10151&amp;krypto=dWRBEruPqAfbVyAqf1RFlIRbFBNh1P3L1cpaRI7ENFt%2FNTfEPCN1eEciR3ynWr3XBSzviVwUDbrjFfBvxPX5AY669CVYyRJYq%2FUKhjkyBwm7A8JbQdXyGogMwMKAT8EFeRuhFOt3YxLgIkPF9MBMUHU3R5B29wmqXOeee4Ntg7Q%3D&amp;ddkey=http%3Agb%2Fgroceries%2Ffood-cupboard%2Fby-sainsburys"><input type="hidden" name="page" value=""><input type="hidden" name="contractId" value=""><input type="hidden" name="calculateOrder" value="1"><input type="hidden" name="calculationUsage" value="-1,-2,-3"><input type="hidden" name="updateable" value="1"><input type="hidden" name="merge" value="***"><input type="hidden" name="callAjax" value="false"><input class="button process" type="submit" name="Add" value="Add">
</form>
	<!-- END AddToTrolley.jsp -->
        <div class="numberInTrolley hidden numberInTrolley_15972" id="numberInTrolley_15972">
            
        </div>
    
                                        </div>

                                        <!-- BEGIN CatalogEntryRatingsReviewsInfo.jspf --><!-- productAllowedRatingsAndReviews: true -->
    <div class="reviews">
        
            <a class="numberOfReviews" href="http://www.sainsburys.co.uk/shop/gb/groceries/by-sainsburys/sainsburys-chunky-beef---dumplings-soup-400g#reviews">
                <img src="http://c2.sainsburys.co.uk/wcsstore7.20.1.145/SainsburysStorefrontAssetStore/img/stars/rating-3_8.gif" alt="3.75" border="0">Â  
                Reviews (8)
            </a>
        
    </div>
<!-- END CatalogEntryRatingsReviewsInfo.jspf -->
                                   </div>
                               <!-- Start AddToSubscriptionList.jspf --><!-- Start AddToSubscriptionList.jsp --><!-- End AddToSubscriptionList.jsp --><!-- End AddToSubscriptionList.jspf -->     
                    </div>
                            
                    
                </div>     
            </div>
            <!--ThumbnailRestriction --><!-- END CatalogEntryThumbnailDisplay.jsp -->
	                            </div>
</li>
	                         

	                            <li class="gridItem" style="min-height: 406px;">
	                                <!-- BEGIN CatalogEntryThumbnailDisplay.jsp --><!-- BEGIN MerchandisingAssociationsDisplay.jsp --><!-- Start - JSP File Name:  MerchandisingAssociationsDisplay.jsp --><!-- END MerchandisingAssociationsDisplay.jsp -->
            <div class="product ">
                
                <div class="productInfo">
                    <div class="productNameAndPromotions">
                        
                                  <h3>
                                    <a href="http://www.sainsburys.co.uk/shop/gb/groceries/by-sainsburys/sainsburys-vegetable-cup-soup-4x235g">
                                        Sainsbury's Vegetable Cup Soup 4x23.5g
                                        <img src="http://c2.sainsburys.co.uk/wcsstore7.20.1.145/ExtendedSitesCatalogAssetStore/images/catalog/productImages/01/0000001842401/0000001842401_L.jpeg" alt=""></a>
                                </h3>
                              
                    </div> 
                </div>
                
                <div class="errorBanner hidden" id="error32845"></div>
                <div class="addToTrolleytabBox">   
                    <!--addToTrolleytabBox GRID VIEW --><!-- Start UserSubscribedOrNot.jspf --><!-- Start UserSubscribedOrNot.jsp --><!-- 
			If the user is not logged in, render this opening 
			DIV adding an addtional class to fix the border top which is removed 
			and replaced by the tabs
		-->
		<div class="addToTrolleytabContainer addItemBorderTop">
	<!-- End AddToSubscriptionList.jsp --><!-- End AddSubscriptionList.jspf --><!-- 
                    ATTENTION!!!
                    <div class="addToTrolleytabContainer">
                    This opening div is inside "../../ReusableObjects/UserSubscribedOrNot.jsp"
                    -->
                    <div class="pricingAndTrolleyOptions">
                    	
                                    <div class="priceTab priceTabContainer activeContainer addItem" id="addItem_32845">
                                       <div class="pricing">
                                           
	<p class="pricePerUnit">
    Â£0.65<abbr title="per">/</abbr><abbr title="unit"><span class="pricePerUnitUnit">unit</span></abbr>
</p>
 
    <p class="pricePerMeasure">Â£0.69<abbr title="per">/</abbr>100<abbr title="gram"><span class="pricePerMeasureMeasure">g</span></abbr>
    </p>

                                       </div>                                      

                                     
                                        <div class="addToTrolleyForm "> 
                                           <!-- BEGIN AddToTrolley.jsp -->

		<form class="addToTrolleyForm" name="OrderItemAddForm_32845" action="OrderItemAdd" method="post" id="OrderItemAddForm_32845">
		    <input type="hidden" name="storeId" value="10151"><input type="hidden" name="langId" value="44"><input type="hidden" name="catalogId" value="10241"><input type="hidden" name="errorViewName" value="CategoryDisplayView"><input type="hidden" name="SKU_ID" value="7567129"><input type="hidden" name="itemType" value=""><label class="access" for="quantity_32844">Quantity</label>
		        
					<input name="quantity" id="quantity_32844" type="text" size="3" value="1" class="quantity"><input type="hidden" name="catEntryId" value="32845"><input type="hidden" name="productId" value="32844"><input type="hidden" name="URL" value="http://www.sainsburys.co.uk/webapp/wcs/stores/servlet/CategoryDisplay?msg=&amp;langId=44&amp;storeId=10151&amp;krypto=dWRBEruPqAfbVyAqf1RFlIRbFBNh1P3L1cpaRI7ENFt%2FNTfEPCN1eEciR3ynWr3XBSzviVwUDbrjFfBvxPX5AY669CVYyRJYq%2FUKhjkyBwm7A8JbQdXyGogMwMKAT8EFeRuhFOt3YxLgIkPF9MBMUHU3R5B29wmqXOeee4Ntg7Q%3D&amp;ddkey=http%3Agb%2Fgroceries%2Ffood-cupboard%2Fby-sainsburys"><input type="hidden" name="page" value=""><input type="hidden" name="contractId" value=""><input type="hidden" name="calculateOrder" value="1"><input type="hidden" name="calculationUsage" value="-1,-2,-3"><input type="hidden" name="updateable" value="1"><input type="hidden" name="merge" value="***"><input type="hidden" name="callAjax" value="false"><input class="button process" type="submit" name="Add" value="Add">
</form>
	<!-- END AddToTrolley.jsp -->
        <div class="numberInTrolley hidden numberInTrolley_32844" id="numberInTrolley_32844">
            
        </div>
    
                                        </div>

                                        <!-- BEGIN CatalogEntryRatingsReviewsInfo.jspf --><!-- productAllowedRatingsAndReviews: true -->
    <div class="reviews">
        
	        <a class="numberOfReviews repressive" href="http://reviews.sainsburys.co.uk//8076-en_gb/7567129-P/writereview.htm?submissionurl=http%3A%2F%2Fwww.sainsburys.co.uk%2Fwebapp%2Fwcs%2Fstores%2Fservlet%2FBVReviewSubmitDisplay%3FcatalogId%3D10201%26storeId%3D10151%26recipe%3D%26langId%3D44%26productId%3D7567129-P&amp;return=http%3A%2F%2Fwww.sainsburys.co.uk%2Fwebapp%2Fwcs%2Fstores%2Fservlet%2FCategoryDisplay%3FpageSize%3D100">
	    Write a review
          	</a>
        
    </div>
<!-- END CatalogEntryRatingsReviewsInfo.jspf -->
                                   </div>
                               <!-- Start AddToSubscriptionList.jspf --><!-- Start AddToSubscriptionList.jsp --><!-- End AddToSubscriptionList.jsp --><!-- End AddToSubscriptionList.jspf -->     
                    </div>
                            
                    
                </div>     
            </div>
            <!--ThumbnailRestriction --><!-- END CatalogEntryThumbnailDisplay.jsp -->
	                            </div>
</li>
	                         

	                            <li class="gridItem" style="min-height: 477px;">
	                                <!-- BEGIN CatalogEntryThumbnailDisplay.jsp --><!-- BEGIN MerchandisingAssociationsDisplay.jsp --><!-- Start - JSP File Name:  MerchandisingAssociationsDisplay.jsp --><!-- END MerchandisingAssociationsDisplay.jsp -->
            <div class="product ">
                
                <div class="productInfo">
                    <div class="productNameAndPromotions">
                        
                                  <h3>
                                    <a href="http://www.sainsburys.co.uk/shop/gb/groceries/by-sainsburys/sainsburys-minestrone-cup-soup-94g-%284x235g%29">
                                        Sainsbury's Minestrone Cup Soup 4x23.5g
                                        <img src="http://c2.sainsburys.co.uk/wcsstore7.20.1.145/ExtendedSitesCatalogAssetStore/images/catalog/productImages/25/0000001842425/0000001842425_L.jpeg" alt=""></a>
                                </h3>
                              
                    </div> 
                </div>
                
                <div class="errorBanner hidden" id="error32849"></div>
                <div class="addToTrolleytabBox">   
                    <!--addToTrolleytabBox GRID VIEW --><!-- Start UserSubscribedOrNot.jspf --><!-- Start UserSubscribedOrNot.jsp --><!-- 
			If the user is not logged in, render this opening 
			DIV adding an addtional class to fix the border top which is removed 
			and replaced by the tabs
		-->
		<div class="addToTrolleytabContainer addItemBorderTop">
	<!-- End AddToSubscriptionList.jsp --><!-- End AddSubscriptionList.jspf --><!-- 
                    ATTENTION!!!
                    <div class="addToTrolleytabContainer">
                    This opening div is inside "../../ReusableObjects/UserSubscribedOrNot.jsp"
                    -->
                    <div class="pricingAndTrolleyOptions">
                    	
                                    <div class="priceTab priceTabContainer activeContainer addItem" id="addItem_32849">
                                       <div class="pricing">
                                           
	<p class="pricePerUnit">
    Â£0.65<abbr title="per">/</abbr><abbr title="unit"><span class="pricePerUnitUnit">unit</span></abbr>
</p>
 
    <p class="pricePerMeasure">Â£0.69<abbr title="per">/</abbr>100<abbr title="gram"><span class="pricePerMeasureMeasure">g</span></abbr>
    </p>

                                       </div>                                      

                                     
                                        <div class="addToTrolleyForm "> 
                                           <!-- BEGIN AddToTrolley.jsp -->

		<form class="addToTrolleyForm" name="OrderItemAddForm_32849" action="OrderItemAdd" method="post" id="OrderItemAddForm_32849">
		    <input type="hidden" name="storeId" value="10151"><input type="hidden" name="langId" value="44"><input type="hidden" name="catalogId" value="10241"><input type="hidden" name="errorViewName" value="CategoryDisplayView"><input type="hidden" name="SKU_ID" value="7567145"><input type="hidden" name="itemType" value=""><label class="access" for="quantity_32848">Quantity</label>
		        
					<input name="quantity" id="quantity_32848" type="text" size="3" value="1" class="quantity"><input type="hidden" name="catEntryId" value="32849"><input type="hidden" name="productId" value="32848"><input type="hidden" name="URL" value="http://www.sainsburys.co.uk/webapp/wcs/stores/servlet/CategoryDisplay?msg=&amp;langId=44&amp;storeId=10151&amp;krypto=dWRBEruPqAfbVyAqf1RFlIRbFBNh1P3L1cpaRI7ENFt%2FNTfEPCN1eEciR3ynWr3XBSzviVwUDbrjFfBvxPX5AY669CVYyRJYq%2FUKhjkyBwm7A8JbQdXyGogMwMKAT8EFeRuhFOt3YxLgIkPF9MBMUHU3R5B29wmqXOeee4Ntg7Q%3D&amp;ddkey=http%3Agb%2Fgroceries%2Ffood-cupboard%2Fby-sainsburys"><input type="hidden" name="page" value=""><input type="hidden" name="contractId" value=""><input type="hidden" name="calculateOrder" value="1"><input type="hidden" name="calculationUsage" value="-1,-2,-3"><input type="hidden" name="updateable" value="1"><input type="hidden" name="merge" value="***"><input type="hidden" name="callAjax" value="false"><input class="button process" type="submit" name="Add" value="Add">
</form>
	<!-- END AddToTrolley.jsp -->
        <div class="numberInTrolley hidden numberInTrolley_32848" id="numberInTrolley_32848">
            
        </div>
    
                                        </div>

                                        <!-- BEGIN CatalogEntryRatingsReviewsInfo.jspf --><!-- productAllowedRatingsAndReviews: true -->
    <div class="reviews">
        
            <a class="numberOfReviews" href="http://www.sainsburys.co.uk/shop/gb/groceries/by-sainsburys/sainsburys-minestrone-cup-soup-94g-%284x235g%29#reviews">
                <img src="http://c2.sainsburys.co.uk/wcsstore7.20.1.145/SainsburysStorefrontAssetStore/img/stars/rating-2_5.gif" alt="2.5" border="0">Â  
                Reviews (2)
            </a>
        
    </div>
<!-- END CatalogEntryRatingsReviewsInfo.jspf -->
                                   </div>
                               <!-- Start AddToSubscriptionList.jspf --><!-- Start AddToSubscriptionList.jsp --><!-- End AddToSubscriptionList.jsp --><!-- End AddToSubscriptionList.jspf -->     
                    </div>
                            
                    
                </div>     
            </div>
            <!--ThumbnailRestriction --><!-- END CatalogEntryThumbnailDisplay.jsp -->
	                            </div>
</li>
	                         

	                            <li class="gridItem" style="min-height: 477px;">
	                                <!-- BEGIN CatalogEntryThumbnailDisplay.jsp --><!-- BEGIN MerchandisingAssociationsDisplay.jsp --><!-- Start - JSP File Name:  MerchandisingAssociationsDisplay.jsp --><!-- END MerchandisingAssociationsDisplay.jsp -->
            <div class="product ">
                
                <div class="productInfo">
                    <div class="productNameAndPromotions">
                        
                                  <h3>
                                    <a href="http://www.sainsburys.co.uk/shop/gb/groceries/by-sainsburys/sainsburys-mushroom-cup-soup-4x23g">
                                        Sainsbury's Mushroom Cup Soup 4x23g
                                        <img src="http://c2.sainsburys.co.uk/wcsstore7.20.1.145/ExtendedSitesCatalogAssetStore/images/catalog/productImages/18/0000001842418/0000001842418_L.jpeg" alt=""></a>
                                </h3>
                              
                    </div> 
                </div>
                
                <div class="errorBanner hidden" id="error32847"></div>
                <div class="addToTrolleytabBox">   
                    <!--addToTrolleytabBox GRID VIEW --><!-- Start UserSubscribedOrNot.jspf --><!-- Start UserSubscribedOrNot.jsp --><!-- 
			If the user is not logged in, render this opening 
			DIV adding an addtional class to fix the border top which is removed 
			and replaced by the tabs
		-->
		<div class="addToTrolleytabContainer addItemBorderTop">
	<!-- End AddToSubscriptionList.jsp --><!-- End AddSubscriptionList.jspf --><!-- 
                    ATTENTION!!!
                    <div class="addToTrolleytabContainer">
                    This opening div is inside "../../ReusableObjects/UserSubscribedOrNot.jsp"
                    -->
                    <div class="pricingAndTrolleyOptions">
                    	
                                    <div class="priceTab priceTabContainer activeContainer addItem" id="addItem_32847">
                                       <div class="pricing">
                                           
	<p class="pricePerUnit">
    Â£0.65<abbr title="per">/</abbr><abbr title="unit"><span class="pricePerUnitUnit">unit</span></abbr>
</p>
 
    <p class="pricePerMeasure">Â£0.71<abbr title="per">/</abbr>100<abbr title="gram"><span class="pricePerMeasureMeasure">g</span></abbr>
    </p>

                                       </div>                                      

                                     
                                        <div class="addToTrolleyForm "> 
                                           <!-- BEGIN AddToTrolley.jsp -->

		<form class="addToTrolleyForm" name="OrderItemAddForm_32847" action="OrderItemAdd" method="post" id="OrderItemAddForm_32847">
		    <input type="hidden" name="storeId" value="10151"><input type="hidden" name="langId" value="44"><input type="hidden" name="catalogId" value="10241"><input type="hidden" name="errorViewName" value="CategoryDisplayView"><input type="hidden" name="SKU_ID" value="7567137"><input type="hidden" name="itemType" value=""><label class="access" for="quantity_32846">Quantity</label>
		        
					<input name="quantity" id="quantity_32846" type="text" size="3" value="1" class="quantity"><input type="hidden" name="catEntryId" value="32847"><input type="hidden" name="productId" value="32846"><input type="hidden" name="URL" value="http://www.sainsburys.co.uk/webapp/wcs/stores/servlet/CategoryDisplay?msg=&amp;langId=44&amp;storeId=10151&amp;krypto=dWRBEruPqAfbVyAqf1RFlIRbFBNh1P3L1cpaRI7ENFt%2FNTfEPCN1eEciR3ynWr3XBSzviVwUDbrjFfBvxPX5AY669CVYyRJYq%2FUKhjkyBwm7A8JbQdXyGogMwMKAT8EFeRuhFOt3YxLgIkPF9MBMUHU3R5B29wmqXOeee4Ntg7Q%3D&amp;ddkey=http%3Agb%2Fgroceries%2Ffood-cupboard%2Fby-sainsburys"><input type="hidden" name="page" value=""><input type="hidden" name="contractId" value=""><input type="hidden" name="calculateOrder" value="1"><input type="hidden" name="calculationUsage" value="-1,-2,-3"><input type="hidden" name="updateable" value="1"><input type="hidden" name="merge" value="***"><input type="hidden" name="callAjax" value="false"><input class="button process" type="submit" name="Add" value="Add">
</form>
	<!-- END AddToTrolley.jsp -->
        <div class="numberInTrolley hidden numberInTrolley_32846" id="numberInTrolley_32846">
            
        </div>
    
                                        </div>

                                        <!-- BEGIN CatalogEntryRatingsReviewsInfo.jspf --><!-- productAllowedRatingsAndReviews: true -->
    <div class="reviews">
        
            <a class="numberOfReviews" href="http://www.sainsburys.co.uk/shop/gb/groceries/by-sainsburys/sainsburys-mushroom-cup-soup-4x23g#reviews">
                <img src="http://c2.sainsburys.co.uk/wcsstore7.20.1.145/SainsburysStorefrontAssetStore/img/stars/rating-3_3.gif" alt="3.3333" border="0">Â  
                Reviews (3)
            </a>
        
    </div>
<!-- END CatalogEntryRatingsReviewsInfo.jspf -->
                                   </div>
                               <!-- Start AddToSubscriptionList.jspf --><!-- Start AddToSubscriptionList.jsp --><!-- End AddToSubscriptionList.jsp --><!-- End AddToSubscriptionList.jspf -->     
                    </div>
                            
                    
    
    <div class="badges">
        <ul>
<li class="lastchild">

                        
                        
                        <img src="/wcsstore7.20.1.145/SainsburysStorefrontAssetStore/wcassets/icons/ico_spacer.gif" alt="Vegetarian">
</li>
                
        </ul>
</div>

                </div>     
            </div>
            <!--ThumbnailRestriction --><!-- END CatalogEntryThumbnailDisplay.jsp -->
	                            </div>
</li>
	                         

	                            <li class="gridItem" style="min-height: 477px;">
	                                <!-- BEGIN CatalogEntryThumbnailDisplay.jsp --><!-- BEGIN MerchandisingAssociationsDisplay.jsp --><!-- Start - JSP File Name:  MerchandisingAssociationsDisplay.jsp --><!-- END MerchandisingAssociationsDisplay.jsp -->
            <div class="product ">
                
                <div class="productInfo">
                    <div class="productNameAndPromotions">
                        
                                  <h3>
                                    <a href="http://www.sainsburys.co.uk/shop/gb/groceries/by-sainsburys/sainsburys-thaistyle-chicken-cup--be-good-to-yourself-soup-60g-%284x15g%29">
                                        Sainsbury's Thai Style Chicken Cup Soup, Be Good To Yourself 4x15g
                                        <img src="http://c2.sainsburys.co.uk/wcsstore7.20.1.145/ExtendedSitesCatalogAssetStore/images/catalog/productImages/16/0000001842616/0000001842616_L.jpeg" alt=""></a>
                                </h3>
                              
                    </div> 
                </div>
                
                <div class="errorBanner hidden" id="error32879"></div>
                <div class="addToTrolleytabBox">   
                    <!--addToTrolleytabBox GRID VIEW --><!-- Start UserSubscribedOrNot.jspf --><!-- Start UserSubscribedOrNot.jsp --><!-- 
			If the user is not logged in, render this opening 
			DIV adding an addtional class to fix the border top which is removed 
			and replaced by the tabs
		-->
		<div class="addToTrolleytabContainer addItemBorderTop">
	<!-- End AddToSubscriptionList.jsp --><!-- End AddSubscriptionList.jspf --><!-- 
                    ATTENTION!!!
                    <div class="addToTrolleytabContainer">
                    This opening div is inside "../../ReusableObjects/UserSubscribedOrNot.jsp"
                    -->
                    <div class="pricingAndTrolleyOptions">
                    	
                                    <div class="priceTab priceTabContainer activeContainer addItem" id="addItem_32879">
                                       <div class="pricing">
                                           
	<p class="pricePerUnit">
    Â£0.65<abbr title="per">/</abbr><abbr title="unit"><span class="pricePerUnitUnit">unit</span></abbr>
</p>
 
    <p class="pricePerMeasure">Â£1.08<abbr title="per">/</abbr>100<abbr title="gram"><span class="pricePerMeasureMeasure">g</span></abbr>
    </p>

                                       </div>                                      

                                     
                                        <div class="addToTrolleyForm "> 
                                           <!-- BEGIN AddToTrolley.jsp -->

		<form class="addToTrolleyForm" name="OrderItemAddForm_32879" action="OrderItemAdd" method="post" id="OrderItemAddForm_32879">
		    <input type="hidden" name="storeId" value="10151"><input type="hidden" name="langId" value="44"><input type="hidden" name="catalogId" value="10241"><input type="hidden" name="errorViewName" value="CategoryDisplayView"><input type="hidden" name="SKU_ID" value="7567302"><input type="hidden" name="itemType" value=""><label class="access" for="quantity_32878">Quantity</label>
		        
					<input name="quantity" id="quantity_32878" type="text" size="3" value="1" class="quantity"><input type="hidden" name="catEntryId" value="32879"><input type="hidden" name="productId" value="32878"><input type="hidden" name="URL" value="http://www.sainsburys.co.uk/webapp/wcs/stores/servlet/CategoryDisplay?msg=&amp;langId=44&amp;storeId=10151&amp;krypto=dWRBEruPqAfbVyAqf1RFlIRbFBNh1P3L1cpaRI7ENFt%2FNTfEPCN1eEciR3ynWr3XBSzviVwUDbrjFfBvxPX5AY669CVYyRJYq%2FUKhjkyBwm7A8JbQdXyGogMwMKAT8EFeRuhFOt3YxLgIkPF9MBMUHU3R5B29wmqXOeee4Ntg7Q%3D&amp;ddkey=http%3Agb%2Fgroceries%2Ffood-cupboard%2Fby-sainsburys"><input type="hidden" name="page" value=""><input type="hidden" name="contractId" value=""><input type="hidden" name="calculateOrder" value="1"><input type="hidden" name="calculationUsage" value="-1,-2,-3"><input type="hidden" name="updateable" value="1"><input type="hidden" name="merge" value="***"><input type="hidden" name="callAjax" value="false"><input class="button process" type="submit" name="Add" value="Add">
</form>
	<!-- END AddToTrolley.jsp -->
        <div class="numberInTrolley hidden numberInTrolley_32878" id="numberInTrolley_32878">
            
        </div>
    
                                        </div>

                                        <!-- BEGIN CatalogEntryRatingsReviewsInfo.jspf --><!-- productAllowedRatingsAndReviews: true -->
    <div class="reviews">
        
            <a class="numberOfReviews" href="http://www.sainsburys.co.uk/shop/gb/groceries/by-sainsburys/sainsburys-thaistyle-chicken-cup--be-good-to-yourself-soup-60g-%284x15g%29#reviews">
                <img src="http://c2.sainsburys.co.uk/wcsstore7.20.1.145/SainsburysStorefrontAssetStore/img/stars/rating-3_4.gif" alt="3.375" border="0">Â  
                Reviews (8)
            </a>
        
    </div>
<!-- END CatalogEntryRatingsReviewsInfo.jspf -->
                                   </div>
                               <!-- Start AddToSubscriptionList.jspf --><!-- Start AddToSubscriptionList.jsp --><!-- End AddToSubscriptionList.jsp --><!-- End AddToSubscriptionList.jspf -->     
                    </div>
                            
                    
                </div>     
            </div>
            <!--ThumbnailRestriction --><!-- END CatalogEntryThumbnailDisplay.jsp -->
	                            </div>
</li>
	                         

	                            <li class="gridItem" style="min-height: 406px;">
	                                <!-- BEGIN CatalogEntryThumbnailDisplay.jsp --><!-- BEGIN MerchandisingAssociationsDisplay.jsp --><!-- Start - JSP File Name:  MerchandisingAssociationsDisplay.jsp --><!-- END MerchandisingAssociationsDisplay.jsp -->
            <div class="product ">
                
                <div class="productInfo">
                    <div class="productNameAndPromotions">
                        
                                  <h3>
                                    <a href="http://www.sainsburys.co.uk/shop/gb/groceries/by-sainsburys/sainsburys-lentil---bacon-soup-400g">
                                        Sainsbury's Lentil &amp; Bacon Soup 400g
                                        <img src="http://c2.sainsburys.co.uk/wcsstore7.20.1.145/ExtendedSitesCatalogAssetStore/images/catalog/productImages/55/0000000121255/0000000121255_L.jpeg" alt=""></a>
                                </h3>
                              
                    </div> 
                </div>
                
                <div class="errorBanner hidden" id="error669115"></div>
                <div class="addToTrolleytabBox">   
                    <!--addToTrolleytabBox GRID VIEW --><!-- Start UserSubscribedOrNot.jspf --><!-- Start UserSubscribedOrNot.jsp --><!-- 
			If the user is not logged in, render this opening 
			DIV adding an addtional class to fix the border top which is removed 
			and replaced by the tabs
		-->
		<div class="addToTrolleytabContainer addItemBorderTop">
	<!-- End AddToSubscriptionList.jsp --><!-- End AddSubscriptionList.jspf --><!-- 
                    ATTENTION!!!
                    <div class="addToTrolleytabContainer">
                    This opening div is inside "../../ReusableObjects/UserSubscribedOrNot.jsp"
                    -->
                    <div class="pricingAndTrolleyOptions">
                    	
                                    <div class="priceTab priceTabContainer activeContainer addItem" id="addItem_669115">
                                       <div class="pricing">
                                           
	<p class="pricePerUnit">
    Â£0.50<abbr title="per">/</abbr><abbr title="unit"><span class="pricePerUnitUnit">unit</span></abbr>
</p>
 
    <p class="pricePerMeasure">Â£0.13<abbr title="per">/</abbr>100<abbr title="gram"><span class="pricePerMeasureMeasure">g</span></abbr>
    </p>

                                       </div>                                      

                                     
                                        <div class="addToTrolleyForm "> 
                                           <!-- BEGIN AddToTrolley.jsp -->

		<form class="addToTrolleyForm" name="OrderItemAddForm_669115" action="OrderItemAdd" method="post" id="OrderItemAddForm_669115">
		    <input type="hidden" name="storeId" value="10151"><input type="hidden" name="langId" value="44"><input type="hidden" name="catalogId" value="10241"><input type="hidden" name="errorViewName" value="CategoryDisplayView"><input type="hidden" name="SKU_ID" value="7715819"><input type="hidden" name="itemType" value=""><label class="access" for="quantity_669114">Quantity</label>
		        
					<input name="quantity" id="quantity_669114" type="text" size="3" value="1" class="quantity"><input type="hidden" name="catEntryId" value="669115"><input type="hidden" name="productId" value="669114"><input type="hidden" name="URL" value="http://www.sainsburys.co.uk/webapp/wcs/stores/servlet/CategoryDisplay?msg=&amp;langId=44&amp;storeId=10151&amp;krypto=dWRBEruPqAfbVyAqf1RFlIRbFBNh1P3L1cpaRI7ENFt%2FNTfEPCN1eEciR3ynWr3XBSzviVwUDbrjFfBvxPX5AY669CVYyRJYq%2FUKhjkyBwm7A8JbQdXyGogMwMKAT8EFeRuhFOt3YxLgIkPF9MBMUHU3R5B29wmqXOeee4Ntg7Q%3D&amp;ddkey=http%3Agb%2Fgroceries%2Ffood-cupboard%2Fby-sainsburys"><input type="hidden" name="page" value=""><input type="hidden" name="contractId" value=""><input type="hidden" name="calculateOrder" value="1"><input type="hidden" name="calculationUsage" value="-1,-2,-3"><input type="hidden" name="updateable" value="1"><input type="hidden" name="merge" value="***"><input type="hidden" name="callAjax" value="false"><input class="button process" type="submit" name="Add" value="Add">
</form>
	<!-- END AddToTrolley.jsp -->
        <div class="numberInTrolley hidden numberInTrolley_669114" id="numberInTrolley_669114">
            
        </div>
    
                                        </div>

                                        <!-- BEGIN CatalogEntryRatingsReviewsInfo.jspf --><!-- productAllowedRatingsAndReviews: true -->
    <div class="reviews">
        
            <a class="numberOfReviews" href="http://www.sainsburys.co.uk/shop/gb/groceries/by-sainsburys/sainsburys-lentil---bacon-soup-400g#reviews">
                <img src="http://c2.sainsburys.co.uk/wcsstore7.20.1.145/SainsburysStorefrontAssetStore/img/stars/rating-5_0.gif" alt="5.0" border="0">Â  
                Reviews (4)
            </a>
        
    </div>
<!-- END CatalogEntryRatingsReviewsInfo.jspf -->
                                   </div>
                               <!-- Start AddToSubscriptionList.jspf --><!-- Start AddToSubscriptionList.jsp --><!-- End AddToSubscriptionList.jsp --><!-- End AddToSubscriptionList.jspf -->     
                    </div>
                            
                    
                </div>     
            </div>
            <!--ThumbnailRestriction --><!-- END CatalogEntryThumbnailDisplay.jsp -->
	                            </div>
</li>
	                         

	                            <li class="gridItem" style="min-height: 406px;">
	                                <!-- BEGIN CatalogEntryThumbnailDisplay.jsp --><!-- BEGIN MerchandisingAssociationsDisplay.jsp --><!-- Start - JSP File Name:  MerchandisingAssociationsDisplay.jsp --><!-- END MerchandisingAssociationsDisplay.jsp -->
            <div class="product ">
                
                <div class="productInfo">
                    <div class="productNameAndPromotions">
                        
                                  <h3>
                                    <a href="http://www.sainsburys.co.uk/shop/gb/groceries/by-sainsburys/sainsburys-chicken---mushroom-soup-400g">
                                        Sainsbury's Chicken &amp; Mushroom Soup 400g
                                        <img src="http://c2.sainsburys.co.uk/wcsstore7.20.1.145/ExtendedSitesCatalogAssetStore/images/catalog/productImages/00/0000000121200/0000000121200_L.jpeg" alt=""></a>
                                </h3>
                              
                    </div> 
                </div>
                
                <div class="errorBanner hidden" id="error679161"></div>
                <div class="addToTrolleytabBox">   
                    <!--addToTrolleytabBox GRID VIEW --><!-- Start UserSubscribedOrNot.jspf --><!-- Start UserSubscribedOrNot.jsp --><!-- 
			If the user is not logged in, render this opening 
			DIV adding an addtional class to fix the border top which is removed 
			and replaced by the tabs
		-->
		<div class="addToTrolleytabContainer addItemBorderTop">
	<!-- End AddToSubscriptionList.jsp --><!-- End AddSubscriptionList.jspf --><!-- 
                    ATTENTION!!!
                    <div class="addToTrolleytabContainer">
                    This opening div is inside "../../ReusableObjects/UserSubscribedOrNot.jsp"
                    -->
                    <div class="pricingAndTrolleyOptions">
                    	
                                    <div class="priceTab priceTabContainer activeContainer addItem" id="addItem_679161">
                                       <div class="pricing">
                                           
	<p class="pricePerUnit">
    Â£0.50<abbr title="per">/</abbr><abbr title="unit"><span class="pricePerUnitUnit">unit</span></abbr>
</p>
 
    <p class="pricePerMeasure">Â£0.13<abbr title="per">/</abbr>100<abbr title="gram"><span class="pricePerMeasureMeasure">g</span></abbr>
    </p>

                                       </div>                                      

                                     
                                        <div class="addToTrolleyForm "> 
                                           <!-- BEGIN AddToTrolley.jsp -->

		<form class="addToTrolleyForm" name="OrderItemAddForm_679161" action="OrderItemAdd" method="post" id="OrderItemAddForm_679161">
		    <input type="hidden" name="storeId" value="10151"><input type="hidden" name="langId" value="44"><input type="hidden" name="catalogId" value="10241"><input type="hidden" name="errorViewName" value="CategoryDisplayView"><input type="hidden" name="SKU_ID" value="7642753"><input type="hidden" name="itemType" value=""><label class="access" for="quantity_679160">Quantity</label>
		        
					<input name="quantity" id="quantity_679160" type="text" size="3" value="1" class="quantity"><input type="hidden" name="catEntryId" value="679161"><input type="hidden" name="productId" value="679160"><input type="hidden" name="URL" value="http://www.sainsburys.co.uk/webapp/wcs/stores/servlet/CategoryDisplay?msg=&amp;langId=44&amp;storeId=10151&amp;krypto=dWRBEruPqAfbVyAqf1RFlIRbFBNh1P3L1cpaRI7ENFt%2FNTfEPCN1eEciR3ynWr3XBSzviVwUDbrjFfBvxPX5AY669CVYyRJYq%2FUKhjkyBwm7A8JbQdXyGogMwMKAT8EFeRuhFOt3YxLgIkPF9MBMUHU3R5B29wmqXOeee4Ntg7Q%3D&amp;ddkey=http%3Agb%2Fgroceries%2Ffood-cupboard%2Fby-sainsburys"><input type="hidden" name="page" value=""><input type="hidden" name="contractId" value=""><input type="hidden" name="calculateOrder" value="1"><input type="hidden" name="calculationUsage" value="-1,-2,-3"><input type="hidden" name="updateable" value="1"><input type="hidden" name="merge" value="***"><input type="hidden" name="callAjax" value="false"><input class="button process" type="submit" name="Add" value="Add">
</form>
	<!-- END AddToTrolley.jsp -->
        <div class="numberInTrolley hidden numberInTrolley_679160" id="numberInTrolley_679160">
            
        </div>
    
                                        </div>

                                        <!-- BEGIN CatalogEntryRatingsReviewsInfo.jspf --><!-- productAllowedRatingsAndReviews: true -->
    <div class="reviews">
        
	        <a class="numberOfReviews repressive" href="http://reviews.sainsburys.co.uk//8076-en_gb/7642753-P/writereview.htm?submissionurl=http%3A%2F%2Fwww.sainsburys.co.uk%2Fwebapp%2Fwcs%2Fstores%2Fservlet%2FBVReviewSubmitDisplay%3FcatalogId%3D10127%26storeId%3D10151%26recipe%3D%26langId%3D44%26productId%3D7642753-P&amp;return=http%3A%2F%2Fwww.sainsburys.co.uk%2Fwebapp%2Fwcs%2Fstores%2Fservlet%2FCategoryDisplay%3FpageSize%3D100">
	    Write a review
          	</a>
        
    </div>
<!-- END CatalogEntryRatingsReviewsInfo.jspf -->
                                   </div>
                               <!-- Start AddToSubscriptionList.jspf --><!-- Start AddToSubscriptionList.jsp --><!-- End AddToSubscriptionList.jsp --><!-- End AddToSubscriptionList.jspf -->     
                    </div>
                            
                    
                </div>     
            </div>
            <!--ThumbnailRestriction --><!-- END CatalogEntryThumbnailDisplay.jsp -->
	                            </div>
</li>
	                         

	                            <li class="gridItem" style="min-height: 406px;">
	                                <!-- BEGIN CatalogEntryThumbnailDisplay.jsp --><!-- BEGIN MerchandisingAssociationsDisplay.jsp --><!-- Start - JSP File Name:  MerchandisingAssociationsDisplay.jsp --><!-- END MerchandisingAssociationsDisplay.jsp -->
            <div class="product ">
                
                <div class="productInfo">
                    <div class="productNameAndPromotions">
                        
                                  <h3>
                                    <a href="http://www.sainsburys.co.uk/shop/gb/groceries/by-sainsburys/sainsburys-asparagus-cup-soup-100g-%284x25g%29">
                                        Sainsbury's Asparagus Cup Soup 4x25g
                                        <img src="http://c2.sainsburys.co.uk/wcsstore7.20.1.145/ExtendedSitesCatalogAssetStore/images/catalog/productImages/49/0000001842449/0000001842449_L.jpeg" alt=""></a>
                                </h3>
                              
                    </div> 
                </div>
                
                <div class="errorBanner hidden" id="error32851"></div>
                <div class="addToTrolleytabBox">   
                    <!--addToTrolleytabBox GRID VIEW --><!-- Start UserSubscribedOrNot.jspf --><!-- Start UserSubscribedOrNot.jsp --><!-- 
			If the user is not logged in, render this opening 
			DIV adding an addtional class to fix the border top which is removed 
			and replaced by the tabs
		-->
		<div class="addToTrolleytabContainer addItemBorderTop">
	<!-- End AddToSubscriptionList.jsp --><!-- End AddSubscriptionList.jspf --><!-- 
                    ATTENTION!!!
                    <div class="addToTrolleytabContainer">
                    This opening div is inside "../../ReusableObjects/UserSubscribedOrNot.jsp"
                    -->
                    <div class="pricingAndTrolleyOptions">
                    	
                                    <div class="priceTab priceTabContainer activeContainer addItem" id="addItem_32851">
                                       <div class="pricing">
                                           
	<p class="pricePerUnit">
    Â£0.65<abbr title="per">/</abbr><abbr title="unit"><span class="pricePerUnitUnit">unit</span></abbr>
</p>
 
    <p class="pricePerMeasure">Â£0.65<abbr title="per">/</abbr>100<abbr title="gram"><span class="pricePerMeasureMeasure">g</span></abbr>
    </p>

                                       </div>                                      

                                     
                                        <div class="addToTrolleyForm "> 
                                           <!-- BEGIN AddToTrolley.jsp -->

		<form class="addToTrolleyForm" name="OrderItemAddForm_32851" action="OrderItemAdd" method="post" id="OrderItemAddForm_32851">
		    <input type="hidden" name="storeId" value="10151"><input type="hidden" name="langId" value="44"><input type="hidden" name="catalogId" value="10241"><input type="hidden" name="errorViewName" value="CategoryDisplayView"><input type="hidden" name="SKU_ID" value="7567148"><input type="hidden" name="itemType" value=""><label class="access" for="quantity_32850">Quantity</label>
		        
					<input name="quantity" id="quantity_32850" type="text" size="3" value="1" class="quantity"><input type="hidden" name="catEntryId" value="32851"><input type="hidden" name="productId" value="32850"><input type="hidden" name="URL" value="http://www.sainsburys.co.uk/webapp/wcs/stores/servlet/CategoryDisplay?msg=&amp;langId=44&amp;storeId=10151&amp;krypto=dWRBEruPqAfbVyAqf1RFlIRbFBNh1P3L1cpaRI7ENFt%2FNTfEPCN1eEciR3ynWr3XBSzviVwUDbrjFfBvxPX5AY669CVYyRJYq%2FUKhjkyBwm7A8JbQdXyGogMwMKAT8EFeRuhFOt3YxLgIkPF9MBMUHU3R5B29wmqXOeee4Ntg7Q%3D&amp;ddkey=http%3Agb%2Fgroceries%2Ffood-cupboard%2Fby-sainsburys"><input type="hidden" name="page" value=""><input type="hidden" name="contractId" value=""><input type="hidden" name="calculateOrder" value="1"><input type="hidden" name="calculationUsage" value="-1,-2,-3"><input type="hidden" name="updateable" value="1"><input type="hidden" name="merge" value="***"><input type="hidden" name="callAjax" value="false"><input class="button process" type="submit" name="Add" value="Add">
</form>
	<!-- END AddToTrolley.jsp -->
        <div class="numberInTrolley hidden numberInTrolley_32850" id="numberInTrolley_32850">
            
        </div>
    
                                        </div>

                                        <!-- BEGIN CatalogEntryRatingsReviewsInfo.jspf --><!-- productAllowedRatingsAndReviews: true -->
    <div class="reviews">
        
            <a class="numberOfReviews" href="http://www.sainsburys.co.uk/shop/gb/groceries/by-sainsburys/sainsburys-asparagus-cup-soup-100g-%284x25g%29#reviews">
                <img src="http://c2.sainsburys.co.uk/wcsstore7.20.1.145/SainsburysStorefrontAssetStore/img/stars/rating-3_0.gif" alt="3.0" border="0">Â  
                Reviews (2)
            </a>
        
    </div>
<!-- END CatalogEntryRatingsReviewsInfo.jspf -->
                                   </div>
                               <!-- Start AddToSubscriptionList.jspf --><!-- Start AddToSubscriptionList.jsp --><!-- End AddToSubscriptionList.jsp --><!-- End AddToSubscriptionList.jspf -->     
                    </div>
                            
                    
                </div>     
            </div>
            <!--ThumbnailRestriction --><!-- END CatalogEntryThumbnailDisplay.jsp -->
	                            </div>
</li>
	                         

	                            <li class="gridItem" style="min-height: 406px;">
	                                <!-- BEGIN CatalogEntryThumbnailDisplay.jsp --><!-- BEGIN MerchandisingAssociationsDisplay.jsp --><!-- Start - JSP File Name:  MerchandisingAssociationsDisplay.jsp --><!-- END MerchandisingAssociationsDisplay.jsp -->
            <div class="product ">
                
                <div class="productInfo">
                    <div class="productNameAndPromotions">
                        
                                  <h3>
                                    <a href="http://www.sainsburys.co.uk/shop/gb/groceries/by-sainsburys/sainsburys-potato---leek-simmer-soup-60g">
                                        Sainsbury's Potato &amp; Leek Simmer Soup 60g
                                        <img src="http://c2.sainsburys.co.uk/wcsstore7.20.1.145/ExtendedSitesCatalogAssetStore/images/catalog/productImages/30/0000001842630/0000001842630_L.jpeg" alt=""></a>
                                </h3>
                              
                    </div> 
                </div>
                
                <div class="errorBanner hidden" id="error15715"></div>
                <div class="addToTrolleytabBox">   
                    <!--addToTrolleytabBox GRID VIEW --><!-- Start UserSubscribedOrNot.jspf --><!-- Start UserSubscribedOrNot.jsp --><!-- 
			If the user is not logged in, render this opening 
			DIV adding an addtional class to fix the border top which is removed 
			and replaced by the tabs
		-->
		<div class="addToTrolleytabContainer addItemBorderTop">
	<!-- End AddToSubscriptionList.jsp --><!-- End AddSubscriptionList.jspf --><!-- 
                    ATTENTION!!!
                    <div class="addToTrolleytabContainer">
                    This opening div is inside "../../ReusableObjects/UserSubscribedOrNot.jsp"
                    -->
                    <div class="pricingAndTrolleyOptions">
                    	
                                    <div class="priceTab priceTabContainer activeContainer addItem" id="addItem_15715">
                                       <div class="pricing">
                                           
	<p class="pricePerUnit">
    Â£0.50<abbr title="per">/</abbr><abbr title="unit"><span class="pricePerUnitUnit">unit</span></abbr>
</p>
 
    <p class="pricePerMeasure">Â£0.83<abbr title="per">/</abbr>100<abbr title="gram"><span class="pricePerMeasureMeasure">g</span></abbr>
    </p>

                                       </div>                                      

                                     
                                        <div class="addToTrolleyForm "> 
                                           <!-- BEGIN AddToTrolley.jsp -->

		<form class="addToTrolleyForm" name="OrderItemAddForm_15715" action="OrderItemAdd" method="post" id="OrderItemAddForm_15715">
		    <input type="hidden" name="storeId" value="10151"><input type="hidden" name="langId" value="44"><input type="hidden" name="catalogId" value="10241"><input type="hidden" name="errorViewName" value="CategoryDisplayView"><input type="hidden" name="SKU_ID" value="7567306"><input type="hidden" name="itemType" value=""><label class="access" for="quantity_15714">Quantity</label>
		        
					<input name="quantity" id="quantity_15714" type="text" size="3" value="1" class="quantity"><input type="hidden" name="catEntryId" value="15715"><input type="hidden" name="productId" value="15714"><input type="hidden" name="URL" value="http://www.sainsburys.co.uk/webapp/wcs/stores/servlet/CategoryDisplay?msg=&amp;langId=44&amp;storeId=10151&amp;krypto=dWRBEruPqAfbVyAqf1RFlIRbFBNh1P3L1cpaRI7ENFt%2FNTfEPCN1eEciR3ynWr3XBSzviVwUDbrjFfBvxPX5AY669CVYyRJYq%2FUKhjkyBwm7A8JbQdXyGogMwMKAT8EFeRuhFOt3YxLgIkPF9MBMUHU3R5B29wmqXOeee4Ntg7Q%3D&amp;ddkey=http%3Agb%2Fgroceries%2Ffood-cupboard%2Fby-sainsburys"><input type="hidden" name="page" value=""><input type="hidden" name="contractId" value=""><input type="hidden" name="calculateOrder" value="1"><input type="hidden" name="calculationUsage" value="-1,-2,-3"><input type="hidden" name="updateable" value="1"><input type="hidden" name="merge" value="***"><input type="hidden" name="callAjax" value="false"><input class="button process" type="submit" name="Add" value="Add">
</form>
	<!-- END AddToTrolley.jsp -->
        <div class="numberInTrolley hidden numberInTrolley_15714" id="numberInTrolley_15714">
            
        </div>
    
                                        </div>

                                        <!-- BEGIN CatalogEntryRatingsReviewsInfo.jspf --><!-- productAllowedRatingsAndReviews: true -->
    <div class="reviews">
        
            <a class="numberOfReviews" href="http://www.sainsburys.co.uk/shop/gb/groceries/by-sainsburys/sainsburys-potato---leek-simmer-soup-60g#reviews">
                <img src="http://c2.sainsburys.co.uk/wcsstore7.20.1.145/SainsburysStorefrontAssetStore/img/stars/rating-4_0.gif" alt="4.0" border="0">Â  
                Reviews (1)
            </a>
        
    </div>
<!-- END CatalogEntryRatingsReviewsInfo.jspf -->
                                   </div>
                               <!-- Start AddToSubscriptionList.jspf --><!-- Start AddToSubscriptionList.jsp --><!-- End AddToSubscriptionList.jsp --><!-- End AddToSubscriptionList.jspf -->     
                    </div>
                            
                    
                </div>     
            </div>
            <!--ThumbnailRestriction --><!-- END CatalogEntryThumbnailDisplay.jsp -->
	                            </div>
</li>
	                         
	            </ul>
<h2 class="access">Product pagination</h2>
<div class="pagination paginationBottom">

    
    <ul class="pages">
<li class="previous">
		        
		        <span class="access">Go to previous page</span>
		        
            </li>

        <li class="current">
<span class="access">Current page </span><span>1</span>
</li>
        
            <li class="next">
        
        <span class="access">Go to next page</span>
        
            </li>
    </ul>
</div>

            </div>
        </div>
    <!-- END ShelfDisplay.jsp --><!-- ********************* ZDAS ESpot Display Start ********************** -->
            <div class="section eSpotContainer bottomESpots">
                <!-- Left POD ESpot Name = Z:FOOD_CUPBOARD/Espot_Left -->
                <!-- START ZDASPODDisplay.jsp -->

<div id="sitecatalyst_ESPOT_NAME_Z:FOOD_CUPBOARD/Espot_Left" class="siteCatalystTag">Z:FOOD_CUPBOARD/Espot_Left</div>

<div class="es es-border-box" style="width: 100%; padding-left: 0px; padding-top: 0px; padding-right: 0px; padding-bottom: 0px; ">
<div class="es-border-box-100 " style="padding-left: 0px; padding-top: 0px; padding-right: 0px; padding-bottom: 0px; background-color: ; "><div class="es-border-box-100">


<style>
body#departmentPage div#main div#content div.aisle-dept-gol-es-hide-espot-left,
body#shelfPage div#main div#content div.aisle-dept-gol-es-hide-espot-left,
body#aislePage div#main div#content div.aisle-dept-gol-es-hide-espot-left{
display:none;}

</style>
</div></div>


<div class="aisle-dept-gol-es-hide-espot-left">


<div>

<div>

<div><div>
</div></div>
</div>
<div class="es es-border-box" style="width: 25%; height: 140px; padding-left: 0px; padding-right: 12px; padding-bottom: 15px; "><div class="es-border-box-100 " style="background-color: #930047; ">
<div class="es-border-box-100"><a href="/shop/gb/groceries/drinks/all-276103-44"><img style="position: absolute; top: 0px; left: 0px;" src="/wcassets/lunar/nav-tracking/tracking_zonepagename-nav-1.png" alt="Shop all coffee"></a></div>
<div class="es-border-box" style="width: 100%;height: 100%; position: absolute; left: 0px;bottom: 0px;opacity: 0; -ms-filter: progid:DXImageTransform.Microsoft.Alpha(0); filter: alpha(opacity=0);background-color: #CC0000; "></div>
<div class="es-border-box" style="width: 100%;height: 100%; position: absolute; left: 0px;bottom: 0px;padding-left: px; padding-top: 17px; padding-right: px; padding-bottom: px; "><div class="es-border-box" style="width: 100%; padding-top: px; "><div class="es-lunar">
<h3 style="color:#FFF">SEE ALL</h3>
<h4 style="color:#FFF;margin:14px 0">Coffee</h4>
<img style="margin:18px auto 0;display:table;" src="/wcassets/lunar/icons/navigation_underline.png" alt="" width="50" height="20">
</div></div></div>
</div></div>
<div class="es es-border-box" style="width: 25%; height: 140px; padding-left: 4px; padding-right: 8px; padding-bottom: 15px; "><div class="es-border-box-100 " style="background-color: #930047; ">
<div class="es-border-box-100"><a href="/shop/gb/groceries/food-cupboard/multipack-tuna"><img style="position: absolute; top: 0px; left: 0px;" src="/wcassets/lunar/nav-tracking/tracking_zonepagename-nav-2.png" alt="Shop multipack Tuna"></a></div>
<div class="es-border-box" style="width: 100%;height: 100%; position: absolute; left: 0px;bottom: 0px;opacity: 0; -ms-filter: progid:DXImageTransform.Microsoft.Alpha(0); filter: alpha(opacity=0);background-color: #CC0000; "></div>
<div class="es-border-box" style="width: 100%;height: 100%; position: absolute; left: 0px;bottom: 0px;padding-left: px; padding-top: 17px; padding-right: px; padding-bottom: px; "><div class="es-border-box" style="width: 100%; padding-top: px; "><div class="es-lunar">
<h3 style="color:#FFF">SEE ALL</h3>
<h4 style="color:#FFF;margin:14px 0">Canned tuna</h4>
<img style="margin:18px auto 0;display:table;" src="/wcassets/lunar/icons/navigation_underline.png" alt="" width="50" height="20">
</div></div></div>
</div></div>
<div class="es es-border-box" style="width: 25%; height: 140px; padding-left: 8px; padding-right: 4px; padding-bottom: 15px; "><div class="es-border-box-100 " style="background-color: #930047; ">
<div class="es-border-box-100"><a href="/shop/gb/groceries/food-cupboard/all-eggs"><img style="position: absolute; top: 0px; left: 0px;" src="/wcassets/lunar/nav-tracking/tracking_zonepagename-nav-3.png" alt="Shop all Easter eggs."></a></div>
<div class="es-border-box" style="width: 100%;height: 100%; position: absolute; left: 0px;bottom: 0px;opacity: 0; -ms-filter: progid:DXImageTransform.Microsoft.Alpha(0); filter: alpha(opacity=0);background-color: #CC0000; "></div>
<div class="es-border-box" style="width: 100%;height: 100%; position: absolute; left: 0px;bottom: 0px;padding-left: px; padding-top: 17px; padding-right: px; padding-bottom: px; "><div class="es-border-box" style="width: 100%; padding-top: px; "><div class="es-lunar">
<h3 style="color:#FFF">SEE ALL</h3>
<h4 style="color:#FFF;margin:14px 0">Easter eggs<br>
</h4>
<img style="margin:18px auto 0;display:table;" src="/wcassets/lunar/icons/navigation_underline.png" alt="" width="50" height="20">
</div></div></div>
</div></div>
<div class="es es-border-box" style="width: 25%; height: 140px; padding-left: 12px; padding-bottom: 15px; "><div class="es-border-box-100 " style="background-color: #930047; ">
<div class="es-border-box-100"><a href="/shop/gb/groceries/food-cupboard/baked-beans-canned-pasta"><img style="position: absolute; top: 0px; left: 0px;" src="/wcassets/lunar/nav-tracking/tracking_zonepagename-nav-4.png" alt="Shop all baked beans"></a></div>
<div class="es-border-box" style="width: 100%;height: 100%; position: absolute; left: 0px;bottom: 0px;opacity: 0; -ms-filter: progid:DXImageTransform.Microsoft.Alpha(0); filter: alpha(opacity=0);background-color: #CC0000; "></div>
<div class="es-border-box" style="width: 100%;height: 100%; position: absolute; left: 0px;bottom: 0px;padding-left: px; padding-top: 17px; padding-right: px; padding-bottom: px; "><div class="es-border-box" style="width: 100%; padding-top: px; "><div class="es-lunar">
<h3 style="color:#FFF">SEE ALL</h3>
<h4 style="color:#FFF;margin:14px 0">Baked beans</h4>
<img style="margin:18px auto 0;display:table;" src="/wcassets/lunar/icons/navigation_underline.png" alt="" width="50" height="20">
</div></div></div>
</div></div>
<div class="es es-border-box" style="width: 100%; height: 25px; padding-left: 0px; padding-top: 0px; padding-right: 0px; padding-bottom: 0px; "><div class="es-border-box-100 " style="padding-left: 0px; padding-top: 0px; padding-right: 0px; padding-bottom: 0px; background-color: ; "><div class="es-border-box-100"></div></div></div>
<div class="es es-border-box" style="width: 100%; height: 20px; padding-left: 0px; padding-top: 0px; padding-right: 0px; padding-bottom: 0px; "><div class="es-border-box-100 " style="padding-left: 0px; padding-top: 0px; padding-right: 0px; padding-bottom: 0px; background-color: ; "><div class="es-border-box-100"></div></div></div>
<div class="es es-border-box" style="width: 33.3%; height: 368px; padding-left: 0px; padding-right: 10px; padding-bottom: 15px; "><div suspendonhover="true" dojotype="dojox.widget.AutoRotator" transition="dojox.widget.rotator.crossFade" id="myAutoRotator1486143642363" class="es-border-box-100  es-grape-bg" duration="3000"><div class="es-border-box-100" style="left: 0px; top: 0px; position: absolute;">
<div class="es-border-box-100"><a href="/shop/gb/groceries/food-cupboard/healthier-snacks-12459-44"><img src="/wcassets/2016_2017/cycle_16_18_Jan/food_cupboard_ZLP/content_tile_1_healthy_snacks_272x353px.jpg" alt="Healthier Snacks."></a></div>
<div class="es-border-box es-white-bg" style="width: 100%; height: 130px; position: absolute; left: 0px; top: 223px; opacity: 1; -ms-filter: progid:DXImageTransform.Microsoft.Alpha(100); filter: alpha(opacity=100);"></div>
<div class="es-border-box" style="width: 100%; height: 130px; position: absolute; left: 0px; top: 223px; padding-left: 10px; padding-top: px; padding-right: 10px; padding-bottom: 10px; "><div class="es-border-box" style="width: 100%; padding-top: 5px; "><div class="es-lunar">
<h3 class="purple" style="margin-bottom:2px;">TOP PICK<br>
</h3>
<h4>Healthy snacks</h4>
<p style="margin-bottom:2px;">Lighter snacks for energy on the go</p>
<p><a class="lunar-text-link" href="/shop/gb/groceries/food-cupboard/healthier-snacks-12459-44">Buy now</a></p>
</div></div></div>
</div></div></div>
<div class="es es-border-box" style="width: 33.4%; height: 368px; padding-left: 5px; padding-right: 5px; padding-bottom: 15px; "><div suspendonhover="true" dojotype="dojox.widget.AutoRotator" transition="dojox.widget.rotator.crossFade" id="myAutoRotator1486143642364" class="es-border-box-100  es-grape-bg" duration="3000"><div class="es-border-box-100" style="left: 0px; top: 0px; position: absolute;">
<div class="es-border-box-100"><a href="/shop/gb/groceries/food-cupboard/food-cupboard-treat-size-sharing-eggs#langId=44&amp;storeId=10151&amp;categoryId=300005&amp;parent_category_rn=12422&amp;top_category=12422&amp;pageSize=30&amp;orderBy=SEQUENCING%7CFAVOURITES_ONLY%7CTOP_SELLERS&amp;searchTerm=&amp;beginIndex=0&amp;facet=4294966674"><img src="/wcassets/2016_2017/Cycle_18_22_Feb/content_tile_2_easter_eggs_272x353px.jpg" alt="Stock Up on easter essentails."></a></div>
<div class="es-border-box es-white-bg" style="width: 100%; height: 130px; position: absolute; left: 0px; top: 223px; opacity: 1; -ms-filter: progid:DXImageTransform.Microsoft.Alpha(100); filter: alpha(opacity=100);"></div>
<div class="es-border-box" style="width: 100%; height: 130px; position: absolute; left: 0px; top: 223px; padding-left: 10px; padding-top: px; padding-right: 10px; padding-bottom: 10px; "><div class="es-border-box" style="width: 100%; padding-top: 5px; "><div class="es-lunar">
<h3 class="purple" style="margin-bottom:2px;">TOP PICK<br>
</h3>
<h4>Easter treats<br>
</h4>
<p>Treat yourself to Cadbury's chocolate</p>
<p><a class="lunar-text-link" href="/shop/gb/groceries/food-cupboard/stock-up-the-cupboards">Buy now</a></p>
</div></div></div>
</div></div></div>
<div class="es es-border-box" style="width: 33.3%; height: 368px; padding-left: 10px; padding-bottom: 15px; "><div suspendonhover="true" dojotype="dojox.widget.AutoRotator" transition="dojox.widget.rotator.crossFade" id="myAutoRotator1486143642365" class="es-border-box-100  es-grape-bg" duration="3000"><div class="es-border-box-100" style="left: 0px; top: 0px; position: absolute;">
<div class="es-border-box-100"><a href="/shop/gb/groceries/food-cupboard/cooking-from-scratch-"><img src="/wcassets/2016_2017/Cycle_18_22_Feb/scratch_cooking_272x353px.jpg" alt="Scratch cooking. See all options."></a></div>
<div class="es-border-box es-white-bg" style="width: 100%; height: 130px; position: absolute; left: 0px; top: 223px; opacity: 1; -ms-filter: progid:DXImageTransform.Microsoft.Alpha(100); filter: alpha(opacity=100);"></div>
<div class="es-border-box" style="width: 100%; height: 130px; position: absolute; left: 0px; top: 223px; padding-left: 10px; padding-top: px; padding-right: 10px; padding-bottom: 10px; "><div class="es-border-box" style="width: 100%; padding-top: 5px; "><div class="es-lunar">
<h3 class="purple" style="margin-bottom:2px;">TOP PICK<br>
</h3>
<h4>Scratch cooking<br>
</h4>
<p style="margin-bottom:2px;">Make a meal you're proud of</p>
<p><a class="lunar-text-link" href="/shop/gb/groceries/food-cupboard/cooking-from-scratch-">Buy now</a></p>
</div></div></div>
</div></div></div>
<div class="es es-border-box" style="width: 100%; height: 40px; padding-left: 0px; padding-top: 0px; padding-right: 0px; padding-bottom: 0px; "><div class="es-border-box-100 " style="padding-left: 0px; padding-top: 0px; padding-right: 0px; padding-bottom: 0px; background-color: ; "><div class="es-border-box-100"></div></div></div>
<div class="es es-border-box" style="width: 100%; height: 265px; padding-bottom: 15px; "><div class="es-border-box-100  es-grape-bg">
<div class="es-border-box-100"><a href="/shop/PromotionDisplayView?=10070&amp;langId=44&amp;productId=89258&amp;storeId=10151&amp;promotionId=10230602"><img style="position: absolute; top: 0px; left: 0px;" src="/wcassets/2017_2018/cycle_01_15_mar/js_jacob_mini_cheddars_4.1.jpg" alt="Great offers on Jacob's Mini Cheddars. See all options."></a></div>
<div class="es-border-box" style="width: 100%; height: 100%;position: absolute; right: 0px; top: 0px; opacity: 0; -ms-filter: progid:DXImageTransform.Microsoft.Alpha(0); filter: alpha(opacity=0);background-color: #FF3300; "></div>
<div class="es-border-box" style="width: 100%; height: 100%;position: absolute; right: 0px;top: 0px;padding-left: 0px; padding-top: 60px; padding-right: px; padding-bottom: px; ">
<div class="es-border-box" style="width: 100%; padding-top: px; "><div class="es-lunar-banner-generic">
<div class="es-lunar">
<h3 class="large white">Only Â£2<br>
</h3>
<p class="white">Mini Cheddars multipacks Perfect for lunchboxes</p>
<a class="btn" style="margin-top:40px;" href="/shop/gb/groceries/SearchDisplayView?msg=&amp;catalogId=10241&amp;langId=44&amp;storeId=10151&amp;krypto=ZioDuDZ8P5G1fA6%2ByfuFUylfq1raJv%2Fblmq1uhthDQiEoIleEFqmwpwoTH6QzMCwOWKeymKr13N9DHUHHB0i6HGs%2FS6xLiIPSi7BW9ZCRr2CJxj2tWT6pFSfduLB4EODwb4ChtrBCEenwtgb6D7BUjwPbUmQO8RxxmBUxEGrDmYEY2NTx0aHVQOH5o%2FpXSk93dypQ0R7Tyc9wLURFNS3zw%3D%3D#langId=44&amp;storeId=10151&amp;categoryId=&amp;parent_category_rn=&amp;top_category=&amp;pageSize=30&amp;orderBy=RELEVANCE&amp;searchTerm=Hula%20Hoops.&amp;beginIndex=0&amp;categoryFacetId1=&amp;facet=88">Shop now</a>
</div>
</div></div>
<div class="es-border-box" style="width: 100%; padding-top: px; "><a style="padding-right: 5px" class="es-promotion-image-link" href="www.sainsburys.co.uk"><img style="padding-right: 5px;" src="/wcassets/groceries/images/samples/component/promotion/skin_1b_inline.png" alt="Lorem ipsum dolor 2"></a></div>
</div>
</div></div>
<div class="es es-border-box" style="width: 100%; height: 20px; padding-left: 0px; padding-top: 0px; padding-right: 0px; padding-bottom: 0px; "><div class="es-border-box-100 " style="padding-left: 0px; padding-top: 0px; padding-right: 0px; padding-bottom: 0px; background-color: ; "><div class="es-border-box-100"></div></div></div>
<div class="es es-border-box" style="width: 100%; height: 20px; padding-left: 0px; padding-top: 0px; padding-right: 0px; padding-bottom: 0px; "><div class="es-border-box-100 " style="padding-left: 0px; padding-top: 0px; padding-right: 0px; padding-bottom: 0px; background-color: ; "><div class="es-border-box-100"></div></div></div>
<div class="es es-border-box" style="width: 100%; height: 0px; padding-left: 0px; padding-top: 0px; padding-right: 0px; padding-bottom: 0px; ">
<div class="es-border-box-100 " style="padding-left: 0px; padding-top: 0px; padding-right: 0px; padding-bottom: 0px; background-color: #FF3300; "><div class="es-border-box-100"></div></div>

</div>
</div>
</div>

<div><div>

</div></div>
</div>
<!-- end of if empty marketingSpotDatas loop--><!-- END ZDASPODDisplay.jsp -->
             </div>   
             
              
                
              <div class="section eSpotContainer bottomESpots">   
	                <!--  Middle POD Espot Name = Z:FOOD_CUPBOARD/D:CANNED_TINNED_AND_PACKAGED_FOODS/Espot_Middle -->
	                      <!-- START ZDASPODDisplay.jsp -->

<div id="sitecatalyst_ESPOT_NAME_Z:FOOD_CUPBOARD/D:CANNED_TINNED_AND_PACKAGED_FOODS/Espot_Middle" class="siteCatalystTag">Z:FOOD_CUPBOARD/D:CANNED_TINNED_AND_PACKAGED_FOODS/Espot_Middle</div>

<div class="es es-border-box" style="width: 100%; height: 150px; padding-bottom: 15px; "><div suspendonhover="true" dojotype="dojox.widget.AutoRotator" transition="dojox.widget.rotator.crossFade" id="myAutoRotator1486143645477" class="es-border-box-100  es-transparent-bg" duration=""><div class="es-border-box-100" style="left: 0px; top: 0px; position: absolute;">
<div class="es-border-box-100"><a href="/shop/gb/groceries/food-cupboard/baked-beans-canned-pasta#langId=44&amp;storeId=10151&amp;=10070&amp;categoryId=13250&amp;parent_category_rn=12422&amp;top_category=12422&amp;pageSize=30&amp;orderBy=SEQUENCING%7CFAVOURITES_ONLY%7CTOP_SELLERS&amp;searchTerm=&amp;beginIndex=0&amp;facet=86&amp;facet=4294966652&amp;facet=&amp;facet=4294966373"><img src="/wcassets/2017_2018/cycle_01_15_mar/js_nfheinznasbeanz_847x135.jpg" alt="Great prices on big packs of Heinz beanz fifty percent less sugar. See all options."></a></div>
<div class="es-border-box es-white-bg" style="width: 168px; height: 155px; position: absolute; left: 0px; top: 0px; opacity: 1; -ms-filter: progid:DXImageTransform.Microsoft.Alpha(100); filter: alpha(opacity=100);"></div>
<div class="es-border-box" style="width: 168px; height: 155px; position: absolute; left: 0px; top: 0px; padding-left: 15px; padding-top: 10px; padding-right: 15px; padding-bottom: 15px; ">
<div class="es-border-box" style="width: 100%; padding-top: px; "><h3>No added sugar</h3></div>
<div style="width: 100%; padding-top: px; " class="es-border-box"><p>Enjoy theÂ family favourite ofÂ jacket potato and beans</p></div>
</div>
</div></div></div>
<!-- end of if empty marketingSpotDatas loop--><!-- END ZDASPODDisplay.jsp --><!--  Right POD Espot Name = Z_Default_Espot_Content-->
	                      <!-- START ZDASPODDisplay.jsp -->

<div id="sitecatalyst_ESPOT_NAME_Z_Default_Espot_Content" class="siteCatalystTag">Z_Default_Espot_Content</div>

<!-- end of if empty marketingSpotDatas loop--><!-- END ZDASPODDisplay.jsp -->
                </div>
            <!-- ********************* ZDAS ESpot Display End ********************** -->
        </div>
        <!-- content End --><!-- auxiliary Start -->
        <div class="aside" id="auxiliary">
            <!-- BEGIN RightHandSide.jspf -->
<div id="auxiliaryDock">
    <!-- BEGIN RightHandSide.jsp -->

<div class="panel loginPanel">
	
    <div id="sitecatalyst_ESPOT_NAME_NZ_Welcome_Back_RHS_Espot" class="siteCatalystTag">NZ_Welcome_Back_RHS_Espot</div>

                    
	<h2>Already a customer?</h2>
    <form name="signIn" method="post" action="LogonView" id="Rhs_signIn">
        <input type="hidden" name="storeId" value="10151"><input type="hidden" name="langId" value="44"><input type="hidden" name="catalogId" value="10241"><input type="hidden" name="URL" value="http://www.sainsburys.co.uk/webapp/wcs/stores/servlet/CategoryDisplay?msg=&amp;langId=44&amp;storeId=10151&amp;krypto=dWRBEruPqAfbVyAqf1RFlIRbFBNh1P3L1cpaRI7ENFt%2FNTfEPCN1eEciR3ynWr3XBSzviVwUDbrjFfBvxPX5AY669CVYyRJYq%2FUKhjkyBwm7A8JbQdXyGogMwMKAT8EFeRuhFOt3YxLgIkPF9MBMUHU3R5B29wmqXOeee4Ntg7Q%3D&amp;ddkey=http%3Agb%2Fgroceries%2Ffood-cupboard%2Fby-sainsburys"><input type="hidden" name="logonCallerId" value="LogonButton"><input type="hidden" name="errorViewName" value="CategoryDisplayView"><input class="button process" type="submit" value="Log in">
</form>
    
	<div class="panelFooter">
		<p class="register">Not yet registered? 
		<a class="callToAction" name="register" href="http://www.sainsburys.co.uk/shop/PostcodeCheckView?catalogId=10122&amp;currentPageUrl=http%3A%2F%2Fwww.sainsburys.co.uk%2Fwebapp%2Fwcs%2Fstores%2Fservlet%2FCategoryDisplay%3Fmsg%3D%26langId%3D44%26storeId%3D10151%26krypto%3DdWRBEruPqAfbVyAqf1RFlIRbFBNh1P3L1cpaRI7ENFt%252FNTfEPCN1eEciR3ynWr3XBSzviVwUDbrjFfBvxPX5AY669CVYyRJYq%252FUKhjkyBwm7A8JbQdXyGogMwMKAT8EFeRuhFOt3YxLgIkPF9MBMUHU3R5B29wmqXOeee4Ntg7Q%253D%26ddkey%3Dhttp%253Agb%252Fgroceries%252Ffood-cupboard%252Fby-sainsburys&amp;langId=44&amp;storeId=10151"> Register Now</a></p>
	</div>
</div>
<div class="panel imagePanel checkPostCodePanel" id="checkPostCodePanel">
	
    <div id="sitecatalyst_ESPOT_NAME_NZ_Do_We_Deliver_To_You_Espot" class="siteCatalystTag">NZ_Do_We_Deliver_To_You_Espot</div>

        <h2>New customer?</h2>
    

    <p>Enter your postcode to check we deliver in your area.</p>
    
    
      <div id="PostCodeMessageArea" class="errorMessage" style="display:none;">
      </div>
    
	<form name="CheckPostCode" method="post" action="/webapp/wcs/stores/servlet/CheckPostCode" id="Rhs_checkPostCode">
		<input type="hidden" name="langId" value="44"><input type="hidden" name="storeId" value="10151"><input type="hidden" name="currentPageUrl" value="http://www.sainsburys.co.uk/webapp/wcs/stores/servlet/CategoryDisplay?msg=&amp;langId=44&amp;storeId=10151&amp;krypto=dWRBEruPqAfbVyAqf1RFlIRbFBNh1P3L1cpaRI7ENFt%2FNTfEPCN1eEciR3ynWr3XBSzviVwUDbrjFfBvxPX5AY669CVYyRJYq%2FUKhjkyBwm7A8JbQdXyGogMwMKAT8EFeRuhFOt3YxLgIkPF9MBMUHU3R5B29wmqXOeee4Ntg7Q%3D&amp;ddkey=http%3Agb%2Fgroceries%2Ffood-cupboard%2Fby-sainsburys"><input type="hidden" name="currentViewName" value="CategoryDisplayView"><input type="hidden" name="messageAreaId" value="PostCodeMessageArea"><div class="field">
			<div class="indicator">
				<label class="access" for="postCode">Postcode</label>
			</div>
			<div class="input">
				<input type="text" name="postCode" id="postCode" maxlength="8" value="">
</div>
		</div>
		<div class="actions">
			<input class="button primary process" type="submit" value="Check postcode">
</div>      
	</form>
</div>
<!-- END RightHandSide.jsp --><!-- BEGIN MiniShopCartDisplay.jsp --><!-- If we get here from a generic error this service will fail so we need to catch the exception -->
		<div class="panel infoPanel">
			<span class="icon infoIcon"></span>
		   	<h2>Important Information</h2>
			<p>Alcohol promotions available to online customers serviced from our Scottish stores may differ from those shown when browsing our site. Please log in to see the full range of promotions available to you.</p>
		</div>
	<!-- END MiniShopCartDisplay.jsp -->
</div>
<!-- END RightHandSide.jspf -->
        </div>
        <!-- auxiliary End -->
    </div>
    <!-- Main Area End --><!-- Footer Start --><!-- BEGIN LayoutContainerBottom.jspf --><!-- BEGIN FooterDisplay.jspf -->


<div id="globalFooter" class="footer">
    <ul>
<li><a href="http://www.sainsburys.co.uk/privacy">Privacy policy</a></li>
	<li><a href="http://www.sainsburys.co.uk/cookies">Cookie policy</a></li>
	<li><a href="http://www.sainsburys.co.uk/terms">Terms &amp; conditions</a></li>
	<li><a href="http://www.sainsburys.co.uk/accessibility">Accessibility</a></li>
	<li><a href="http://help.sainsburys.co.uk/" rel="external" target="_blank" title="Opens in new window">Help Centre<span class="access"> (opens in a new window/tab)</span></a></li>
	<li><a href="http://help.sainsburys.co.uk/help/how_to_contact_us">Contact us</a></li>
	<li><a href="/webapp/wcs/stores/servlet/DeviceOverride?deviceId=-21&amp;langId=44&amp;storeId=10151">Mobile</a></li>
</ul>
</div>

<!-- END FooterDisplay.jspf --><!-- END LayoutContainerBottom.jspf --><!-- Footer Start End -->
    </div>
    <!--// End #page  --><!-- Bright Tagger start -->

	<div id="sitecatalyst_ws" class="siteCatalystTag"></div>
	
    <script type="text/javascript">
        var brightTagStAccount = 'sp0XdVN';
    </script><noscript>
        &lt;iframe src="//s.thebrighttag.com/iframe?c=sp0XdVN" width="1" height="1" frameborder="0" scrolling="no" marginheight="0" marginwidth="0"&gt;&lt;/iframe&gt;
    </noscript>
<!-- Bright Tagger End -->
 <script type="text/javascript">
 (function(){
 
    
    
        digitalData.page = {pageInfo:{},events:[]}; //If there is no event then create an event array
    
        var pageName = '' ? document.body.id+':':document.body.id; digitalData.page.pageInfo.pageName =pageName;
        var breadCrumb = document.querySelectorAll('#breadcrumbNavList > li > a,#breadcrumbNavList > li > strong,#breadcrumbNavList > li > span > strong');
        var element = [];
        for (var i=0,il=breadCrumb.length; i<il; i++) {
            element.push(breadCrumb[i].textContent.trim());
        }
        var bElement = element ? element.join('::'):'';
        
    
                if (bElement.length > 0 && bElement.trim()) { 
                    digitalData.page.pageInfo.breadCrumbs = 'Groceries::' + bElement;
                }
        

    var messagesDD;
    
    
	    digitalData.user = {
	        profile : {
	            profileInfo : {
	                websphereId : '',
	                deliveryPostcode: '',
	                deliveryStoreId: '',
	                deliverySlot: '',
	                deliveryCost: '',
	                deliveryOption: '',
	                deliveryType: '',
	                shoppingmode: '',
	                isSameDay: '',
	                blueMartini:''
	            }
	        } 
	    };
    
        
})();
</script><!-- END CategoriesDisplay.jsp --><div class="tooltip" id="JSTooltip" style="position: absolute; left: -999px; top: -999px;"><div class="tooltipInner">
<a href="#" class="closeTooltip" id="JSTooltipClose">Close<span class="access"> this tooltip and return to the page</span></a><div class="tooltipText" id="JSTooltipText"></div>
<div class="tooltipArrow" id="JSTooltipArrow"></div>
</div></div>
<!-- ClickTale Bottom part -->

<!-- ClickTale end of Bottom part --><script type="text/javascript" src="http://cdn.clicktale.net/www16/ptc/5ea22b8e-c62f-443c-a41b-bb50b30c6fc6.js"></script><script type="text/javascript">// Copyright 2006-2017 ClickTale Ltd., US Patent Pending
// PID: 194
// WR destination: www16
// WR version: latest
// Recording ratio: 0.1
// Generated on: 3/19/2017 2:35:37 PM (UTC 3/19/2017 7:35:37 PM)
(function (){
	var dependencyCallback;
        var scriptSyncTokens = ["wr"];
        var ct2Callback, isRecorderReady;
    var dependencies = scriptSyncTokens.slice(0);
    var clickTaleOnReadyList = window.ClickTaleOnReadyList || (window.ClickTaleOnReadyList = []);
    var indexOf = (function(){if(Array.prototype.indexOf){return function(array,value){return array.indexOf(value)}}return function(array,value){var length=array.length;for(var i=0;i<length;i++){if(array[i]===value){return i}}return -1}})();
    function isValidToken(token) {
        if (indexOf(scriptSyncTokens, token) > -1) {
            var index = indexOf(dependencies, token);

            if (index > -1) {
                dependencies.splice(index, 1);
                return true;
            }
        }

        return false;
    }

    clickTaleOnReadyList.push(function () {
        if (ct2Callback) {
            ct2Callback();
        }

        isRecorderReady = true;
    });

    window.ClickTaleGlobal = window.ClickTaleGlobal || {};
    ClickTaleGlobal.scripts = ClickTaleGlobal.scripts || {};
    ClickTaleGlobal.scripts.dependencies = {
        setDependencies: function (deps) {
            scriptSyncTokens = deps;
        },
        onDependencyResolved: function (callback) {
            dependencyCallback = callback;
        },
        notifyScriptLoaded: function (token) {
            if (isValidToken(token)) {
                if (dependencies.length === 0 && typeof dependencyCallback === "function") {
                    dependencyCallback();
                }
            }
        }
    };

    ClickTaleGlobal.scripts.integration = {
        onReady: function (callback) {
            if (isRecorderReady) {
                callback();
            }
            else {
                ct2Callback = callback;
            }
        }
    };
})();




function ClickTaleCDNHTTPSRewrite(u)
{
	try
	{
		var scripts = document.getElementsByTagName('script');
		if(scripts.length)
		{
			var script = scripts[ scripts.length - 1 ], s='https://clicktalecdn.sslcs.cdngc.net/';
			if(script.src && script.src.substr(0,s.length)==s )
				return u.replace('https://cdnssl.clicktale.net/',s);
		}
	}
	catch(e)
	{
	}
	return u;
} 

window.ClickTaleIsXHTMLCompliant = true;
if (typeof (ClickTaleCreateDOMElement) != "function")
{
	ClickTaleCreateDOMElement = function(tagName)
	{
		if (document.createElementNS)
		{
			return document.createElementNS('http://www.w3.org/1999/xhtml', tagName);
		}
		return document.createElement(tagName);
	}
}

if (typeof (ClickTaleAppendInHead) != "function")
{
	ClickTaleAppendInHead = function(element)
	{
		var parent = document.getElementsByTagName('head').item(0) || document.documentElement;
		parent.appendChild(element);
	}
}

if (typeof (ClickTaleXHTMLCompliantScriptTagCreate) != "function")
{
	ClickTaleXHTMLCompliantScriptTagCreate = function(code)
	{
		var script = ClickTaleCreateDOMElement('script');
		script.setAttribute("type", "text/javascript");
		script.text = code;
		return script;
	}
}	

var pccScriptElement = ClickTaleCreateDOMElement('script');
pccScriptElement.type = "text/javascript";
pccScriptElement.src = (document.location.protocol=='https:'?
ClickTaleCDNHTTPSRewrite('https://cdnssl.clicktale.net/www16/pcc/5ea22b8e-c62f-443c-a41b-bb50b30c6fc6.js?DeploymentConfigName=Release_20170316&Version=2'):
'http://cdn.clicktale.net/www16/pcc/5ea22b8e-c62f-443c-a41b-bb50b30c6fc6.js?DeploymentConfigName=Release_20170316&Version=2');
ClickTaleGlobal.init.isAllowed && document.body.appendChild(pccScriptElement);
	
if (typeof window.ClickTaleScriptSource == 'undefined') {
	window.ClickTaleScriptSource=(document.location.protocol=='https:'
		?ClickTaleCDNHTTPSRewrite('https://cdnssl.clicktale.net/www/')
		:'http://cdn.clicktale.net/www/');
}


// Start of user-defined pre WR code (PreLoad)
!function() { function ClickTaleMonitorSettings() { this.started = !1, this.stopCallbacks = [], this.readyCallbacks = [], this.startCallbacks = [] } function createElement(t) { if (document.documentElement.namespaceURI) try { return document.createElementNS("http://www.w3.org/1999/xhtml", t) } catch (t) {} return document.createElement(t) } function createMonitorScript(t) { var n, i; (i = document.body || document.head) && (n = createElement("script"), n.src = t, n.async = !0, n.type = "text/javascript", i.appendChild(n)) } function invokeMonitor(t, n) { var i = ClickTaleMonitorSettings.instance; if (i && i.monitor) return i.monitor[t].apply(i.monitor, n) } if (ClickTaleMonitorSettings.onReady = function(t, n) { for (var i, o = ClickTaleMonitorSettings.get(), e = o.readyCallbacks, c = e.length, r = 0; r < c; r++) e[r](); ClickTaleMonitor.Settings.get().configure({ transport: { url: "https://ir-conductor.clicktale.net/monitor" } }); o.started || (i = new ClickTaleMonitor.App(114,function(t) { o.started = !0, o.addApplication(t), o.startCallbacks.forEach(function(t) { t() }) } ,t,n), i.onStop(function(t) { o && (o.stopCallbacks.forEach(function(t) { t() }), ClickTaleMonitorSettings.instance = void 0) })) } , ClickTaleMonitorSettings.prototype.addApplication = function(t) { this.monitor = t } , ClickTaleMonitorSettings.prototype.configure = function(t) { this.config = t } , ClickTaleMonitorSettings.prototype.onStart = function(t) { this.monitor && this.monitor.isMonitoring() ? t() : this.startCallbacks.push(t) } , ClickTaleMonitorSettings.prototype.onStop = function(t) { this.stopCallbacks.push(t) } , ClickTaleMonitorSettings.prototype.onReady = function(t) { this.readyCallbacks.push(t) } , ClickTaleMonitorSettings.get = function() { return ClickTaleMonitorSettings.instance || (ClickTaleMonitorSettings.instance = new ClickTaleMonitorSettings) } , Object.defineProperty) try { Object.defineProperty(ClickTaleMonitorSettings, "config", { get: function() { return ClickTaleMonitorSettings.instance ? ClickTaleMonitorSettings.instance.config : null }, enumerable: !0, configurable: !0 }) } catch (t) {} window.ClickTaleMonitor = { stop: function() { invokeMonitor("dispose") }, restart: function(t, n) { ClickTaleMonitor.stop(), ClickTaleMonitorSettings.onReady(t, n) }, shutdown: function() { invokeMonitor("shutdown") }, addEvent: function(t) { invokeMonitor("addEvent", [t]) }, isMonitoring: function() { return !!invokeMonitor("isMonitoring") }, Settings: ClickTaleMonitorSettings }, createMonitorScript("https://cdna.clicktale.net/www/tc/monitor-1.3.9.js"); }();

//PTC Code Version 7

window.ClickTaleSettings = window.ClickTaleSettings || {};
window.ClickTaleSettings.PTC = window.ClickTaleSettings.PTC || {};
//set the following property only when there are No Load errors in recordings
//window.ClickTaleIncludedOnWindowLoad = true;
//Remove the next line if not using XHTML compliant configuration.
window.ClickTaleIncludedOnDOMReady = true;
window.ClickTaleSettings.PTC.EnableChangeMonitor = false;
window.ClickTaleSettings.PTC.UseTransport = true;
window.ClickTaleUIDCookieName = 'WRUIDAWS';

function deleteIrrelevantUIDCookies(relevant) {
    var cookieArray = document.cookie.replace(/\s+/g, '').split(";");
    var hostArray = location.host.split('.');
    var topDom = (hostArray.length <= 2 ? location.host : hostArray.slice(1).join('.'));
    for (var i = 0; i < cookieArray.length; i++) {
        var currentCookie = cookieArray[i];
        var cookieKey = currentCookie.substring(0, currentCookie.indexOf('='));
        if (cookieKey.indexOf('WRUID') > -1 && relevant.indexOf(cookieKey) == -1) {
            document.cookie = cookieKey + "='';domain=." + topDom + ";path=/;expires=Thu, 01-Jan-1970 00:00:01 GMT;";
            document.cookie = cookieKey + "='';path=/;expires=Thu, 01-Jan-1970 00:00:01 GMT;";
        }
    }
}
deleteIrrelevantUIDCookies([window.ClickTaleUIDCookieName]);

window.ClickTaleSettings.CheckAgentSupport = function (f, v) {
    if (v.t == v.IE && v.v <= 8) {
        window.ClickTaleSettings.PTC.okToRunPCC = false;
        return false;
    }
    else {
        if (!(v.t == v.IE && v.v <= 10)) {
            window.ClickTaleSettings.PTC.EnableChangeMonitor = true;
            window.ClickTaleSettings.PTC.ConfigChangeMonitor();
        }
        var fv = f(v);
        window.ClickTaleSettings.PTC.okToRunPCC = fv;
        mobileFlagForReWriteRules = false;
        if (v.m) {
            mobileFlagForReWriteRules = true;
        }
        return fv;

    }
};
window.ClickTaleSettings.Persistence = {
    EnableStorage: true,
    EnableStreams: true,
    EnableDispatch: true,
    AutoDispatch: true, //v.15.2 and above; default is true, when false message will be dispatched when calling ClickTaleDispatchPersistedMessages -
    Providers: ["hybrid"] //v.15.2 and above; can also be: "indexedDB" or "localStorage"
};

window.ClickTaleSettings.Protocol = {
    Method: "ImpactRecorder"
};

window.ClickTaleSettings.Proxy = {
    WR: "ir-ing-district.clicktale.net/ctn_v2/",
    ImageFlag: "ir-ing-district.clicktale.net/ctn_v2/"
};

window.ClickTaleSettings.PTC.RulesObj = [{
    selector: "input[type=\"text\"], input[type=\"tel\"], input[type=\"email\"]",
    changeMon: {
        Attributes: ['value'],
        Text: false
    },
    rewriteApi: {
        Attributes: ['value'],
        Text: false
    }
}, {
    selector: ".orderDetail div.adr>div,.orderDetail dd.noMargin,.orderDetail dd:last-child,table.checkout tr:last-child a , a.loggedInContactName,.hello strong,.adr .street-address,.adr .region,.adr .postal-code",
    changeMon: {
        Attributes: false,
        Text: true
    },
    rewriteApi: {
        Attributes: false,
        Text: true
    }
}, {
    selector: ".orderNumber+.orderSummary dt",
    changeMon: {
        Attributes: false,
        Text: true
    },
    rewriteApi: {
        Attributes: false,
        Text: true
    },
    location: {
        prop: 'pathname',
        search: /\/sol\/my_account\/(scheduled|previous)_orders\.jsp/i
    }
}, {
    selector: "table.orders>tbody>tr>td:first-child",
    changeMon: {
        Attributes: false,
        Text: true
    },
    rewriteApi: {
        Attributes: false,
        Text: true
    },
    location: {
        prop: 'pathname',
        search: /\/sol\/my_account\/myorders\.jsp/i
    }
}];

window.ClickTaleSettings.PTC.RulesObjRemoveEls = [
];

; (function () {
    if (typeof window.ClickTalePIISelector === 'string' && window.ClickTalePIISelector != '') {
        try {
            var domNodes = document.querySelectorAll(window.ClickTalePIISelector);
            if (domNodes) {
                window.ClickTaleSettings.PTC.RulesObj.push({
                    selector: window.ClickTalePIISelector,
                    changeMon: {
                        Attributes: ['value'],
                        Text: true
                    },
                    rewriteApi: {
                        Attributes: ['value'],
                        Text: true
                    }
                });
            }
        }
        catch (err) {
        }
    }
})();

window.ClickTaleSettings.PTC.cloneNodeIE9 = function (node) {
    var clone = node.nodeType === 3 ? document.createTextNode(node.nodeValue) : node.cloneNode(false);

    var child = node.firstChild;
    while (child) {
        if (child.nodeName !== 'SCRIPT') {
            clone.appendChild(window.ClickTaleSettings.PTC.cloneNodeIE9(child));
        }
        else {
            var script = document.createElement('script');
            clone.appendChild(script);
        }
        child = child.nextSibling;
    }

    return clone;
};

window.ClickTaleSettings.PTC.ConfigChangeMonitor = function () {

    if (window.ClickTaleSettings.PTC.EnableChangeMonitor) {
        window.ClickTaleSettings.XHRWrapper = {
            Enable: false
        };

        var script = document.createElement("SCRIPT");
        script.src = (document.location.protocol === "https:" ? "https://cdnssl." : "http://cdn.") + "clicktale.net/www/ChangeMonitor-latest.js";
        document.body.appendChild(script);

        window.ClickTaleSettings.ChangeMonitor = {
            Enable: true,
            LiveExclude: true,
            AddressingMode: "id",
            OnReadyHandler: function (changeMonitor) {
                changeMonitor.observe();
            },
            OnBeforeReadyHandler: function (settings) {
                settings.Enable = window.ClickTaleGetUID ? !!ClickTaleGetUID() : false;
                return settings;
            },
            PII: {
                Text: [
                    {
                        selector: ".infoTable tbody tr td",
                        transform: function (el) {
                            var newParentNode = el;
                            var counter = 0
                            var needToMask = false;
                            var text = el.textContent;

                            while (newParentNode.nodeName.toLowerCase() != 'tr' && newParentNode.nodeName.toLowerCase() != 'body' && counter < 7) {
                                counter++;
                                if (newParentNode.parentNode) {
                                    newParentNode = newParentNode.parentNode;
                                }
                            }
                            if (newParentNode.nodeName.toLowerCase() == 'tr') {
                                if (newParentNode.textContent.toLowerCase().indexOf('delivery address') > -1) {
                                    needToMask = true;
                                }
                            }

                            if (needToMask) {
                                return text.replace(/\w/g, '-');
                            }
                            else {
                                return text;
                            }
                        }
                    },
					{
					    selector: ".addressList li", // Masking changes that happen to reserved delivery time and address box when changing delivery slot
					    transform: function (el) {
					        return "-------";
					    }
					},
                    {
                        selector: "select#Shipping_selectAddress option", // Masking changes that happen to shiping select address
                        transform: function (el) {
                            var text = el.textContent;
                            return text.replace(/\w/g, '-');
                        }
                    },
                    {
                        selector: 'select[name="listOfPaymentInstructions"] option', // Masking changes that happen to list Of Payment Instructions
                        transform: function (el) {
                            var text = el.textContent;
                            return text.replace(/\w/g, '-');
                        }
                    }
                    ,
                    {
                        selector: 'span.postcode', // Masking changes that happen to postcode when the popup appear
                        transform: function (el) {
                            var text = el.textContent;
                            return text.replace(/\w/g, '-');
                        }
                    }
                ],
                Attribute: [
                    {
                        selector: "select#expiryMonth option",
                        transform: function (el) {
                            var attrs = el.attributes;
                            var attrsToReturn = {}
                            for (var i = 0; i < attrs.length; i++) {
                                var name = attrs[i].nodeName;
                                attrsToReturn[name] = attrs[i].nodeValue;
                            }
                            attrsToReturn['value'] = '--';
                            return attrsToReturn;
                        }
                    },
                    {
                        selector: "select#expiryYear option",
                        transform: function (el) {
                            var attrs = el.attributes;
                            var attrsToReturn = {}
                            for (var i = 0; i < attrs.length; i++) {
                                var name = attrs[i].nodeName;
                                attrsToReturn[name] = attrs[i].nodeValue;
                            }
                            attrsToReturn['value'] = '--';
                            return attrsToReturn;
                        }
                    },
                    {
                        selector: "select#Billing_selectAddress option",
                        transform: function (el) {
                            var attrs = el.attributes;
                            var attrsToReturn = {}
                            for (var i = 0; i < attrs.length; i++) {
                                var name = attrs[i].nodeName;
                                attrsToReturn[name] = attrs[i].nodeValue;
                            }
                            attrsToReturn['value'] = '---------------';
                            return attrsToReturn;
                        }
                    }
                ]
            },
            Filters: {
                MaxBufferSize: 1500000,
                MaxElementCount: 30000,
                Before: [function (mutations) {
                    if (typeof ClickTaleSettings.PTC.CMBeforeFilter === 'function') {
                        return ClickTaleSettings.PTC.CMBeforeFilter(mutations);
                    }
                    return true;
                }
                ]
            }
        }
        var RulesObj = window.ClickTaleSettings.PTC.RulesObj;
        if (RulesObj) {
            window.ClickTaleSettings.ChangeMonitor.PII.Text = window.ClickTaleSettings.ChangeMonitor.PII.Text || [];
            window.ClickTaleSettings.ChangeMonitor.PII.Attributes = window.ClickTaleSettings.ChangeMonitor.PII.Attributes || [];
            for (var i = 0; i < RulesObj.length; i++) {
                var CMrule = RulesObj[i]['changeMon'];
                var CMlocation = RulesObj[i]['location'];
                if (!CMrule || (CMlocation && document.location[CMlocation['prop']].toLowerCase().search(CMlocation.search) === -1)) {
                    continue;
                }
                var selector = RulesObj[i]['selector'];
                var attributesArr = CMrule.Attributes;
                if (attributesArr instanceof Array) {
                    for (var u = 0; u < attributesArr.length; u++) {
                        var attr = attributesArr[u];
                        window.ClickTaleSettings.ChangeMonitor.PII.Attributes.push({
                            selector: selector,
                            transform: (function (attr) {
                                return function (el) {
                                    var attrs = el.attributes;
                                    var attrsToReturn = {}
                                    for (var i = 0; i < attrs.length; i++) {
                                        var name = attrs[i].nodeName;
                                        attrsToReturn[name] = attrs[i].nodeValue;
                                    }
                                    var attrib = el.getAttribute(attr);;
                                    if (typeof attrib === 'string') {
                                        attrsToReturn[attr] = attrib.replace(/\w/g, '-');
                                    }
                                    return attrsToReturn;
                                }
                            })(attr)
                        });
                    }
                }
                if (CMrule.Text) {
                    window.ClickTaleSettings.ChangeMonitor.PII.Text.push({
                        selector: selector,
                        transform: function (el) {
                            return el.textContent.replace(/\w/g, '-');
                        }
                    });
                }
            }
        }
    }
};

window.ClickTaleSettings.Compression = {
    Method: function () {
        return "deflate";
    }
};

window.ClickTaleSettings.Transport = {
    Legacy: false,
    MaxConcurrentRequests: 5
};

window.ClickTaleSettings.RewriteRules = {
    OnBeforeRewrite: function (rewriteApi) {
        var bodyClone = ((document.documentMode && document.documentMode <= 9) ? ClickTaleSettings.PTC.cloneNodeIE9(document.documentElement) : document.documentElement.cloneNode(true));

        if (window.ClickTaleSettings.PTC.RulesObj) {
            rewriteApi.add(function (buffer) {


                var RulesObj = window.ClickTaleSettings.PTC.RulesObj;
                for (var i = 0; i < RulesObj.length; i++) {
                    var rewriteApirule = RulesObj[i]['rewriteApi'];
                    var rewriteApilocation = RulesObj[i]['location'];
                    if (!rewriteApirule || (rewriteApilocation && document.location[rewriteApilocation['prop']].toLowerCase().search(rewriteApilocation.search) === -1)) {
                        continue;
                    }
                    var selector = RulesObj[i]['selector'];
                    var elements = bodyClone.querySelectorAll(selector);

                    Array.prototype.forEach.call(elements, function (el, ind) {
                        var attributesArr = rewriteApirule.Attributes;
                        if (attributesArr instanceof Array) {

                            for (var u = 0; u < attributesArr.length; u++) {
                                var attr = attributesArr[u];
                                var attrib = el.getAttribute(attr);
                                if (typeof attrib === 'string') {
                                    el.setAttribute(attr, attrib.replace(/\w/g, '-'));
                                }
                            }

                        }
                        if (rewriteApirule.Text) {
                            var children = el.childNodes;
                            Array.prototype.forEach.call(children, function (child) {
                                if (child && child.nodeType === 3) {
                                    child.textContent = child.textContent.replace(/\w/g, '-');
                                }
                            });
                        }
                    });
                }

                //work on body
                var RulesObjRemoveEls = window.ClickTaleSettings.PTC.RulesObjRemoveEls;
                if (RulesObjRemoveEls) {
                    for (var i = 0; i < RulesObjRemoveEls.length; i++) {
                        if (RulesObjRemoveEls[i].rewriteApi) {
                            var elementsToRemove = bodyClone.querySelectorAll(RulesObjRemoveEls[i].rewriteApi);
                            Array.prototype.forEach.call(elementsToRemove, function (el, ind) {
                                if (el.parentNode) {
                                    el.parentNode.removeChild(el);
                                }
                            });
                        }
                        if (RulesObjRemoveEls[i].rewriteApiReplace) {
                            var elementsToReplace = bodyClone.querySelectorAll(RulesObjRemoveEls[i].rewriteApiReplace);
                            Array.prototype.forEach.call(elementsToReplace, function (el, ind) {
                                if (el.parentNode) {
                                    var comment = document.createComment(el.outerHTML);
                                    el.parentNode.replaceChild(comment, el);
                                }
                            });
                        }
                    }
                }

                buffer = buffer.replace(/(<body[^>]*>)[\s\S]*?<\/body>/gi, function (m, g1) {
                    if (g1) {
                        return g1 + bodyClone.innerHTML.replace(/<script\b([^>]*)>([\s\S]*?)<\/script>/gi, '<script><\/script>').replace(/(<div id="?ClickTaleDiv"?[^>]+>)\s*<script[^>]+><\/script>\s*(<\/div>)/i, '$1$2') + '<\/body>';
                    }
                    return m;
                });

                return buffer;
            });
        }
        rewriteApi.add({
            pattern: /(<head[^>]*>)/i,
            replace: '$1<script type="text\/javascript" class="cm-ignore" src="http:\/\/dummytest.clicktale-samples.com\/GlobalResources\/jquery.js"><\/script>'
        });
        rewriteApi.add(function (buffer) {
            buffer = buffer.replace(/(<div[^>]*id="deliveryInfoPanel"[^>]*>[\s\S]*?<span[^>]*class="postcode"[^>]*>)([^"]+?)(<\/span>)/i, function (m, g1, g2, g3) {
                if (g1 && g2 && g3) {
                    return g1 + g2.replace(/\w/g, '-') + g3;
                }
                return m;
            });
            return buffer;
        });
        //Masking PII cases for SAIN-31



        rewriteApi.add(function (buffer) { //delivery address (at the delivering information box) - accross the site t = 0.000469953
            buffer = buffer.replace(/(span[^>]*class="postcode">)([\s\S]+?)(<\/span>)/i, function (m, g1, g2, g3) {
                if (g1 && g2 && g3) {
                    if (g2.indexOf('fulfilmentLocation') > -1) {
                        return m;
                    }
                    return g1 + g2.replace(/\w/g, '-') + g3;
                }
                return m;

            });
            return buffer;
        });
        rewriteApi.add(function (buffer) { //delivery address (at the delivering information box) - accross the site t = 0.000469953
            buffer = buffer.replace(/(a[^>]*class="fulfilmentLocation"[^>]*>)([\s\S]+?)(<\/a>)/i, function (m, g1, g2, g3) {
                if (g1 && g2 && g3) {
                    return g1 + g2.replace(/\w/g, '-') + g3;
                }
                return m;

            });
            return buffer;
        });

        rewriteApi.add(function (buffer) { //address details at Delivery Page t = 0.001250125
            buffer = buffer.replace(/(<ul[^>]*addressList[^>]*>)([\s\S]+?)(<\/ul>)/i, function (m, g1, g2, g3) {
                if (g1 && g2 && g3) {
                    return g1 + g2.replace(/(<li[^>]*?>)([\s\S]+?)(<\/li)/img, '$1----$3') + g3;
                }
                return m;

            });
            return buffer;
        });

        rewriteApi.add(function (buffer) { // Masking changes that happen to billing select address 0.0009
            buffer = buffer.replace(/(<select[^>]*Billing_selectAddress[^>]*>)([\s\S]+?)(<\/select>)/i, function (m, g1, g2, g3) {
                if (g1 && g2 && g3) {
                    return g1 + g2.replace(/(<option[^>]*>)([\s\S]+?)(<\/option>)/img, '$1----------$3') + g3;
                }
                return m;

            });
            return buffer;
        });
        rewriteApi.add(function (buffer) { // Masking changes that happen to shiping select address 0.0008
            buffer = buffer.replace(/(<select[^>]*Shipping_selectAddress[^>]*>)([\s\S]+?)(<\/select>)/i, function (m, g1, g2, g3) {
                if (g1 && g2 && g3) {
                    return g1 + g2.replace(/(<option[^>]*>)([\s\S]+?)(<\/option>)/img, '$1----------$3') + g3;
                }
                return m;

            });
            return buffer;
        });
        rewriteApi.add(function (buffer) { // Masking changes that happen to list Of Payment Instructions 0.00038
            buffer = buffer.replace(/(<select[^>]*name="listOfPaymentInstructions"[^>]*>)([\s\S]+?)(<\/select>)/i, function (m, g1, g2, g3) {
                if (g1 && g2 && g3) {
                    return g1 + g2.replace(/(<option[^>]*>)([\s\S]+?)(<\/option>)/img, '$1----------$3') + g3;
                }
                return m;

            });
            return buffer;
        });

        rewriteApi.add(function (buffer) { // Masking changes that happen to list Of Payment Instructions 0.00038
            buffer = buffer.replace(/(<input[^>]*id="cardNumber"[^>]*value=")([^"]*)("[^>]*>)/i, function (m, g1, g2, g3) {
                if (g1 && g2 && g3) {
                    return g1 + g2.replace(/[\w\W]/mig, '-') + g3;
                }
                return m;

            });
            return buffer;
        });

        rewriteApi.add(function (buffer) { // Masking changes that happen to credit card expire date - year -  0.000320032
            buffer = buffer.replace(/(<select[^>]*id="expiryYear"[^>]*>[\s\S]*?<option[^>]*selected[^>]*>)([\s\S]*?)(<\/option>)/i, function (m, g1, g2, g3) {
                if (g1 && g2 && g3) {
                    return g1 + g2.replace(/[\w\W]/ig, '-') + g3;
                }
                return m;

            });
            return buffer;
        });

        rewriteApi.add(function (buffer) { // Masking changes that happen to credit card expire date - month -  0.000320032
            buffer = buffer.replace(/(<select[^>]*id="expiryMonth"[^>]*>[\s\S]*?<option[^>]*selected[^>]*>)([\s\S]*?)(<\/option>)/i, function (m, g1, g2, g3) {
                if (g1 && g2 && g3) {
                    return g1 + g2.replace(/[\w\W]/ig, '-') + g3;
                }
                return m;

            });
            return buffer;
        });

        rewriteApi.add(function (buffer) { //user name t = 0.000720072
            buffer = buffer.replace(/(<p[^>]*homepageGreeting[^>]*>)([\s\S]+?)(<\/p>)/i, function (m, g1, g2, g3) {
                if (g1 && g2 && g3) {
                    return g1 + g2.replace(/\w/g, '-') + g3;
                }
                return m;

            });
            return buffer;
        });

        if (document.location.pathname && (document.location.pathname.indexOf("/webapp/wcs/stores/servlet/OrderBillingView") > -1)) {//Checkout page, delivery details

            rewriteApi.add(function (buffer) { //t = 0.001250125
                buffer = buffer.replace(/(<a[^>]*?servlet\/MyAddress[^>]*?>)([\s\S]*?)(<)/i, function (m, g1, g2, g3) {
                    if (g1 && g2 && g3) {
                        return g1 + g2.replace(/\w/g, '-') + g3;
                    }
                    return m;
                });
                return buffer;
            });

        } else if (document.location.pathname && (document.location.pathname.indexOf("webapp/wcs/stores/servlet/OrderShippingBillingConfirmationView") > -1)) {//Checkout page, delivery details

            rewriteApi.add(function (buffer) { //Email to which the confirmation will be sent t = 0.000730073
                buffer = buffer.replace(/(emailed to[\s\S]+?)(<\/strong>)([\s\S]+?)(<\/p>)/i, function (m, g1, g2, g3, g4) {
                    if (g1 && g2 && g3 && g4) {
                        return g1 + g2 + g3.replace(/\w/g, '-') + g4;
                    }
                    return m;
                });
                return buffer;
            });

            rewriteApi.add(function (buffer) { //Order number t = 0.000420042
                buffer = buffer.replace(/(checkoutNumberConfirmation[\s\S]+?)(<strong>)([\s\S]+?)(<\/strong>)/i, function (m, g1, g2, g3, g4) {
                    if (g1 && g2 && g3 && g4) {
                        return g1 + g2 + g3.replace(/\w/g, '-') + g4;
                    }
                    return m;
                });
                return buffer;
            });

            rewriteApi.add(function (buffer) { //Delivery address t = 0.00070007
                buffer = buffer.replace(/(Delivery address[\s\S]+?)(<td>)([\s\S]+?)(<\/td>)/i, function (m, g1, g2, g3, g4) {
                    if (g1 && g2 && g3 && g4) {
                        return g1 + g2 + g3.replace(/\w/g, '-') + g4;
                    }
                    return m;
                });
                return buffer;
            });
            rewriteApi.add(function (buffer) { //order id  t = 0.000730073
                buffer = buffer.replace(/(<div[^>]*id="orderAmendRHSPanel"[^>]*>[\s\S]*?<a[^>]*onclick="[^"]*\/servlet\/OrderSummaryDisplay[^"]*[^>]*>)([\s\S]*?)(<\/a>)/i, function (m, g1, g2, g3) {
                    if (g1 && g2 && g3) {
                        return g1 + g2.replace(/\w/g, '-') + g3;
                    }
                    return m;
                });
                return buffer;
            });

        }
        // SAIS-7

        if (mobileFlagForReWriteRules) {
            if (document.location.href.indexOf('tustorefront/my-account') > -1) {
                rewriteApi.add({
                    pattern: /(class="addressHead">)([\s\S]*?)(<\/[\s\S]*?">)([\s\S]*?)(<\/div>)/i,
                    replace: '$1********$3********$5'
                });
                rewriteApi.add({
                    pattern: /(accountDeliveryName">)[\s\S]*?(<\/ul>)/gmi,
                    replace: '$1********<\/li><li>*****<\/li><li>*****<\/li><li>*****<\/li><li>*****<\/li>$2'
                });
            }
        }
        //My Account
        if (document.location.href.indexOf('https://tuclothing.sainsburys.co.uk/tustorefront/my-account') > -1) {
            // Works for Desktop+Mobile
            rewriteApi.add({
                pattern: /(class="feature-banner-text"[\s\S]*?<(h4|h2)>)([\s\S]*?)(<\/h)/i,
                replace: '$1********$4'
            });
            //Order details
            rewriteApi.add({
                pattern: /(<div class="stage[\s\S]*?<\/h3>)([\s\S]*?)(<\/div>)/gmi,
                replace: '$1********$3'
            });
            // For address book
            rewriteApi.add({
                pattern: /(id="address_book"[\s\S]+<th>)([\s\S]*?)(<\/th>[\s\S]*?<td>)([\s\S]*?)(<\/td>)/i,
                replace: '$1********$3*********$5'
            });

        } else if (document.location.href.indexOf('https://tuclothing.sainsburys.co.uk/tustorefront/checkout/multi/choose-delivery-method') > -1) {
            rewriteApi.add({
                pattern: /(<input id="continue"[\s\S]*?<td>)([\s\S]*?)(<\/td>)/gmi,
                replace: '$1********$3'
            });
        } else if (document.location.href.indexOf('tustorefront/checkout/multi/orderSummary') > -1) {
            rewriteApi.add({
                pattern: /(<p class="delivery-name">)([\s\S]*?)(<\/p>)/i,
                replace: '$1 ***,***, ***, ***, ***$3'
            });
        }
        rewriteApi.add({
            pattern: /(class="logged_in">Hello )[\s\S]*?(<\/li>)/gmi,
            replace: '$1********$3'
        });
    }
};

// End of user-defined pre WR code


window.ClickTalePrevOnReady = typeof window.ClickTaleOnReady == 'function' ? window.ClickTaleOnReady : void 0;

window.ClickTaleOnReady = function() {
	var PID=194, 
		Ratio=0.1, 
		PartitionPrefix="www16",
		SubsId=232923;
	
	if (window.navigator && window.navigator.loadPurpose === "preview") {
       return;
	};
		
	
	// Start of user-defined header code (PreInitialize)
	if (typeof ClickTaleSetAllSensitive === "function") {
    ClickTaleSetAllSensitive();
}

function isVisible(element){
    if(element){
        return (element.offsetWidth > 0 || element.offsetHeight > 0 || element.getClientRects().length > 0);
    } else return false;
}
window.ClickTaleSettings.PTC.InitFuncs = window.ClickTaleSettings.PTC.InitFuncs || [];
window.ClickTaleSettings.PTC.InitFuncs.push(function() {
    var pcc = document.querySelector('script[src*="clicktale"][src*="pcc"]');
    if (pcc) {
        var versionmatch = pcc.src.match(/DeploymentConfigName=(.+)/i);
        if (versionmatch && typeof ClickTaleExec === 'function') {
            ClickTaleExec("console.info('" + versionmatch[0] + "');");
            ClickTaleEvent("Config: " + versionmatch[1].replace(/\&.+/, ''));
        }
    }
});

function doUpload() {
    ClickTaleUploadPage();
    window.ClickTaleSSL = 1;
    ClickTale(PID, Ratio, PartitionPrefix);
    if ((typeof ClickTalePrevOnReady == 'function') && (ClickTaleOnReady.toString() != ClickTalePrevOnReady.toString())) {
        ClickTalePrevOnReady();
    }
}

function isReadyToRecord() {
    if (document.location.pathname === "/") {
        return isVisible(document.querySelectorAll('.slick-track')[0]);
    }
    else if(document.location.pathname === "/shop/gb/groceries"){
        return isVisible(document.querySelectorAll(".es-border-box")[0]);
    }
    return true;
}

function doOnlyWhen(toDoHandler, toCheckHandler, interval, times, failHandler) {
    if ((!toDoHandler) || (!toCheckHandler)) return;
    if (typeof interval == "undefined") interval = 1000;
    if (typeof times == "undefined") times = 20;
    if (--times < 0) {
        if (typeof failHandler === 'function') {
            failHandler();
        }
        return;
    }
    if (toCheckHandler()) {
        toDoHandler();
        return;
    }
    setTimeout(function () { doOnlyWhen(toDoHandler, toCheckHandler, interval, times, failHandler); }, interval);
};

if (typeof ClickTaleUploadPage === 'function' && window.ClickTaleSettings.PTC.UseTransport) {
    if(window.ClickTaleSettings.PTC.EnableChangeMonitor){
		if (typeof ClickTaleEvent === "function") {
					ClickTaleEvent("CM");
		}
	}
    doOnlyWhen(doUpload, isReadyToRecord, 300, 20, doUpload);
    var initFuncs = window.ClickTaleSettings.PTC.InitFuncs;
    for (var i = 0, initLen = initFuncs.length; i < initLen; i++) {
        if (typeof initFuncs[i] === 'function') {
            initFuncs[i]();
        }
    }
    return;
}

	// End of user-defined header code (PreInitialize)
    
	
	window.ClickTaleIncludedOnDOMReady=true;
	
	ClickTaleGlobal.init.isAllowed && ClickTale(PID, Ratio, PartitionPrefix, SubsId);
	
	if((typeof ClickTalePrevOnReady == 'function') && (ClickTaleOnReady.toString() != ClickTalePrevOnReady.toString()))
	{
    	ClickTalePrevOnReady();
	}
	
	
	// Start of user-defined footer code
	
	// End of user-defined footer code
	
}; 
(function() {
	var div = ClickTaleCreateDOMElement("div");
	div.id = "ClickTaleDiv";
	div.style.display = "none";
	document.body.appendChild(div);

	
	
	var wrScript = ClickTaleCreateDOMElement("script"),
		wrSrc = (document.location.protocol=='https:' ? 'https://cdnssl.clicktale.net/www/' : 'http://cdn.clicktale.net/www/') + 'tc/WR-latest.js';
	wrScript.src = (window.ClickTaleCDNHTTPSRewrite ? ClickTaleCDNHTTPSRewrite(wrSrc) : wrSrc);
	wrScript.type = 'text/javascript';
		wrScript.async = true;
		ClickTaleGlobal.init.isAllowed && document.body.appendChild(wrScript);
})();





!function(){function t(){window.addEventListener&&addEventListener("message",e,!1)}function e(t){var e,o=new RegExp("(clicktale.com|qa-core.app.clicktale.com)($|:)"),c=new RegExp("qa-core.app.clicktale.com"),i=!1,a=t.origin;try{e=JSON.parse(t.data)}catch(l){return}o.test(t.origin)!==!1&&(window.ct_ve_parent_window=t.source,c.test(t.origin)===!0&&(i=!0),"CTload_ve"===e["function"]&&"function"==typeof ClickTaleGetPID&&null!==ClickTaleGetPID()&&n(a,i))}function o(t){return document.createElementNS?document.createElementNS("http://www.w3.org/1999/xhtml",t):document.createElement(t)}function n(t,e){var n=o("script");n.setAttribute("type","text/javascript"),n.setAttribute("id","ctVisualEditorClientModule");var c;c=e?document.location.protocol+"//qa-core.app.clicktale.com/VisualEditor/Client/dist/veClientModule.js":document.location.protocol+"//"+t.match(/subs\d*/)[0]+".app.clicktale.com/VisualEditor/Client/dist/veClientModule.js",n.src=c,document.getElementById("ctVisualEditorClientModule")||document.body.appendChild(n)}try{var c=window.chrome,i=window.navigator&&window.navigator.vendor;null!==c&&void 0!==c&&"Google Inc."===i&&t()}catch(a){}}();</script><script type="text/javascript" src="http://cdn.clicktale.net/www16/pcc/5ea22b8e-c62f-443c-a41b-bb50b30c6fc6.js?DeploymentConfigName=Release_20170316&amp;Version=2"></script><script src="https://cdna.clicktale.net/www/tc/monitor-1.3.9.js" async="" type="text/javascript"></script><div id="ClickTaleDiv" style="display: none;"></div>
<script src="http://cdn.clicktale.net/www/tc/WR-latest.js" type="text/javascript" async=""></script><script src="http://cdn.clicktale.net/www/ChangeMonitor-latest.js"></script><iframe src="//reporting.sainsburys-online.com/cgi-bin/rr/blank.gif?nourl=www.sainsburys.co.uk/webapp/wcs/stores/servlet/gb/groceries/food-cupboard/by-sainsburys" height="0" width="0" style="display:none;"></iframe>
</body>
</html>
