<!DOCTYPE html>
<html class="js dj_webkit dj_safari dj_contentbox" xmlns:wairole="http://www.w3.org/2005/01/wai-rdf/GUIRoleTaxonomy#" xmlns:waistate="http://www.w3.org/2005/07/aaa" lang="en" xml:lang="en">
<!-- BEGIN CategoriesDisplay.jsp --><head>
<meta http-equiv="Content-Type" content="text/html; charset=UTF-8">
<title>Pre-mixed cans | Sainsbury's</title>
<meta name="description" content="Buy Pre-mixed cans online from Sainsbury's, the same great quality, freshness and choice you'd find in store. Choose from 1 hour delivery slots and collect Nectar points.">
<meta name="keyword" content="">
<link rel="canonical" href="http://www.sainsburys.co.uk/shop/gb/groceries/drinks/pre-mixed-cans">
<!-- BEGIN CommonCSSToInclude.jspf --><!--[if IE 8]>
    <link type="text/css" href="http://c1.sainsburys.co.uk/wcsstore7.20.1.145/SainsburysStorefrontAssetStore/css/main-ie8.min.css" rel="stylesheet" media="all" />
	<![endif]--><!--[if !IE 8]><!--><link type="text/css" href="http://c1.sainsburys.co.uk/wcsstore7.20.1.145/SainsburysStorefrontAssetStore/css/main.min.css" rel="stylesheet" media="all">
<!--<![endif]--><link type="text/css" href="http://c1.sainsburys.co.uk/wcsstore7.20.1.145/SainsburysStorefrontAssetStore/wcassets/groceries/css/espot.css" rel="stylesheet" media="all">
<link type="text/css" href="http://c1.sainsburys.co.uk/wcsstore7.20.1.145/SainsburysStorefrontAssetStore/css/print.css" rel="stylesheet" media="print">
<!-- END CommonCSSToInclude.jspf --><!-- BEGIN CommonJSToInclude.jspf --><meta name="CommerceSearch" content="storeId_10151">
<script type="text/javascript" src="http://www.ist-track.com/ContainerJavaScript.ashx?id=05B9FE83-74B1-43EB-B589-1CFE77B68E2C"></script><script type="text/javascript" src="http://tracker.marinsm.com/tracker/async/529av24112.js"></script><script type="text/javascript" src="https://www.googleadservices.com/pagead/conversion_async.js"></script><script type="text/javascript" src="https://connect.facebook.net/en_US/fbevents.js"></script><script type="text/javascript" src="//s.thebrighttag.com/tag?site=sp0XdVN&amp;H=-h8cvoxw&amp;cf=645150%2C969119%2C1501197%2C3868479&amp;mode=v1&amp;errors=%7B%22site%22%3A%22sp0XdVN%22%2C%22referrer%22%3A%22http%3A%2F%2Fwww.sainsburys.co.uk%2Fwebapp%2Fwcs%2Fstores%2Fservlet%2Fgb%2Fgroceries%2Fdrinks%2Fpre-mixed-cans%3FlangId%3D44%26storeId%3D10151%26krypto%3DujINEMC73wkOWgnVB3i%252FXbBlS4XLFqFhWlJSKIBpyzpzLJDvcPlAmwDvvVWWhKyxD3D6NpcqxM0QUs2KeJdWNDHcWUBBtNR5EpcJ3VFxBINczymq2ORmzlPfYrRAVF7okPLz8b%252B5BeKcs52Zf52%252B8Hs7hZdGFepiFVWzGQtL5Dk%253D%26ddkey%3Dhttp%253Agb%252Fgroceries%252Fdrinks%252Fpre-mixed-cans%23langId%3D44%26storeId%3D10151%26catalogId%3D10241%26categoryId%3D276004%26parent_category_rn%3D12192%26top_category%3D12192%26pageSize%3D100%26orderBy%3DFAVOURITES_FIRST%26searchTerm%3D%26beginIndex%3D0%22%2C%22errors%22%3A%5B%7B%22type%22%3A%22dbe%22%2C%22message%22%3A%22TypeError%3A%20undefined%20is%20not%20a%20function%20(evaluating%20'BrightTag.jQuery('%23Shipping_shippingGeoCode')')%22%2C%22dbe.name%22%3A%22delivery%20intructions%20field%22%2C%22pageId%22%3A85551%2C%22timestamp%22%3A1490027180392%7D%2C%7B%22type%22%3A%22dbe%22%2C%22message%22%3A%22TypeError%3A%20undefined%20is%20not%20an%20object%20(evaluating%20'data%5Bdata.length%20-1%5D.eventInfo')%22%2C%22dbe.name%22%3A%22addtocart.itemprice%22%2C%22pageId%22%3A85551%2C%22timestamp%22%3A1490027180392%7D%2C%7B%22type%22%3A%22dbe%22%2C%22message%22%3A%22TypeError%3A%20undefined%20is%20not%20a%20function%20(evaluating%20'BrightTag.jQuery('.loginRegister%20a')')%22%2C%22dbe.name%22%3A%22s.prop25%22%2C%22pageId%22%3A85551%2C%22timestamp%22%3A1490027180392%7D%5D%7D"></script><script type="text/javascript" src="http://s.btstatic.com/BrightTag.jquery-1.5.1.js"></script><script type="text/javascript" src="//www.gstatic.com/attribution/collection/attributiontools.js"></script><script type="text/javascript" src="//s.btstatic.com/lib/0aa48296ca7b6182261af570d7367f790c666cd4.js?v=2"></script><script type="text/javascript" src="//s.btstatic.com/lib/32da0331f93c723a43b2e19faddf77b41f99d326.js?v=2"></script><script type="text/javascript" src="//s.btstatic.com/lib/0bf5d7aa6f82472c841c09fb805f6ccb726da921.js?v=2"></script><script type="text/javascript" src="//s.btstatic.com/lib/525a43d946bca9c8f07bfcc56a1feb3d26d65ccb.js?v=2"></script><script type="text/javascript" src="//s.thebrighttag.com/tag?site=sp0XdVN&amp;H=-h8cvoxw"></script><script async="" src="//s.btstatic.com/tag.js#site=sp0XdVN"></script><script type="text/javascript" charset="utf-8" src="http://c1.sainsburys.co.uk/wcsstore7.20.1.145/SainsburysStorefrontAssetStore/js/dojo.1.7.1/dojo/fx/easing.js"></script><script type="text/javascript" charset="utf-8" src="http://c1.sainsburys.co.uk/wcsstore7.20.1.145/SainsburysStorefrontAssetStore/js/dojo.1.7.1/dojo/NodeList-traverse.js"></script><script type="text/javascript" charset="utf-8" src="http://c1.sainsburys.co.uk/wcsstore7.20.1.145/SainsburysStorefrontAssetStore/js/dojo.1.7.1/dojox/NodeList/delegate.js"></script><script type="text/javascript" charset="utf-8" src="http://c1.sainsburys.co.uk/wcsstore7.20.1.145/SainsburysStorefrontAssetStore/js/dojo.1.7.1/dojo/hash.js"></script><script type="text/javascript" charset="utf-8" src="http://c1.sainsburys.co.uk/wcsstore7.20.1.145/SainsburysStorefrontAssetStore/js/dojo.1.7.1/dojox/html/entities.js"></script><script type="text/javascript" charset="utf-8" src="http://c1.sainsburys.co.uk/wcsstore7.20.1.145/SainsburysStorefrontAssetStore/js/dojo.1.7.1/dojo/parser.js"></script><script type="text/javascript" charset="utf-8" src="http://c1.sainsburys.co.uk/wcsstore7.20.1.145/SainsburysStorefrontAssetStore/js/dojo.1.7.1/dijit/layout/AccordionContainer.js"></script><script type="text/javascript" charset="utf-8" src="http://c1.sainsburys.co.uk/wcsstore7.20.1.145/SainsburysStorefrontAssetStore/js/dojo.1.7.1/dijit/layout/ContentPane.js"></script><script type="text/javascript" charset="utf-8" src="http://c1.sainsburys.co.uk/wcsstore7.20.1.145/SainsburysStorefrontAssetStore/js/dojo.1.7.1/dojox/widget/AutoRotator.js"></script><script type="text/javascript" charset="utf-8" src="http://c1.sainsburys.co.uk/wcsstore7.20.1.145/SainsburysStorefrontAssetStore/js/dojo.1.7.1/dojox/widget/rotator/Fade.js"></script><script type="text/javascript" charset="utf-8" src="http://c1.sainsburys.co.uk/wcsstore7.20.1.145/SainsburysStorefrontAssetStore/js/dojo.1.7.1/dojo/fx.js"></script><script type="text/javascript" charset="utf-8" src="http://c1.sainsburys.co.uk/wcsstore7.20.1.145/SainsburysStorefrontAssetStore/js/dojo.1.7.1/dojo/_base/url.js"></script><script type="text/javascript" charset="utf-8" src="http://c1.sainsburys.co.uk/wcsstore7.20.1.145/SainsburysStorefrontAssetStore/js/dojo.1.7.1/dojo/date/stamp.js"></script><script type="text/javascript" charset="utf-8" src="http://c1.sainsburys.co.uk/wcsstore7.20.1.145/SainsburysStorefrontAssetStore/js/dojo.1.7.1/dijit/focus.js"></script><script type="text/javascript" charset="utf-8" src="http://c1.sainsburys.co.uk/wcsstore7.20.1.145/SainsburysStorefrontAssetStore/js/dojo.1.7.1/dijit/_base/manager.js"></script><script type="text/javascript" charset="utf-8" src="http://c1.sainsburys.co.uk/wcsstore7.20.1.145/SainsburysStorefrontAssetStore/js/dojo.1.7.1/dijit/_Widget.js"></script><script type="text/javascript" charset="utf-8" src="http://c1.sainsburys.co.uk/wcsstore7.20.1.145/SainsburysStorefrontAssetStore/js/dojo.1.7.1/dijit/_Container.js"></script><script type="text/javascript" charset="utf-8" src="http://c1.sainsburys.co.uk/wcsstore7.20.1.145/SainsburysStorefrontAssetStore/js/dojo.1.7.1/dijit/_TemplatedMixin.js"></script><script type="text/javascript" charset="utf-8" src="http://c1.sainsburys.co.uk/wcsstore7.20.1.145/SainsburysStorefrontAssetStore/js/dojo.1.7.1/dijit/_CssStateMixin.js"></script><script type="text/javascript" charset="utf-8" src="http://c1.sainsburys.co.uk/wcsstore7.20.1.145/SainsburysStorefrontAssetStore/js/dojo.1.7.1/dijit/layout/StackContainer.js"></script><script type="text/javascript" charset="utf-8" src="http://c1.sainsburys.co.uk/wcsstore7.20.1.145/SainsburysStorefrontAssetStore/js/dojo.1.7.1/dojo/text.js"></script><script type="text/javascript" charset="utf-8" src="http://c1.sainsburys.co.uk/wcsstore7.20.1.145/SainsburysStorefrontAssetStore/js/dojo.1.7.1/dijit/layout/_ContentPaneResizeMixin.js"></script><script type="text/javascript" charset="utf-8" src="http://c1.sainsburys.co.uk/wcsstore7.20.1.145/SainsburysStorefrontAssetStore/js/dojo.1.7.1/dojo/string.js"></script><script type="text/javascript" charset="utf-8" src="http://c1.sainsburys.co.uk/wcsstore7.20.1.145/SainsburysStorefrontAssetStore/js/dojo.1.7.1/dojo/html.js"></script><script type="text/javascript" charset="utf-8" src="http://c1.sainsburys.co.uk/wcsstore7.20.1.145/SainsburysStorefrontAssetStore/js/dojo.1.7.1/dojo/i18n.js"></script><script type="text/javascript" charset="utf-8" src="http://c1.sainsburys.co.uk/wcsstore7.20.1.145/SainsburysStorefrontAssetStore/js/dojo.1.7.1/dijit/main.js"></script><script type="text/javascript" charset="utf-8" src="http://c1.sainsburys.co.uk/wcsstore7.20.1.145/SainsburysStorefrontAssetStore/js/dojo.1.7.1/dojox/main.js"></script><script type="text/javascript" charset="utf-8" src="http://c1.sainsburys.co.uk/wcsstore7.20.1.145/SainsburysStorefrontAssetStore/js/dojo.1.7.1/dojo/require.js"></script><script type="text/javascript" charset="utf-8" src="http://c1.sainsburys.co.uk/wcsstore7.20.1.145/SainsburysStorefrontAssetStore/js/dojo.1.7.1/dojo/Stateful.js"></script><script type="text/javascript" charset="utf-8" src="http://c1.sainsburys.co.uk/wcsstore7.20.1.145/SainsburysStorefrontAssetStore/js/dojo.1.7.1/dojo/window.js"></script><script type="text/javascript" charset="utf-8" src="http://c1.sainsburys.co.uk/wcsstore7.20.1.145/SainsburysStorefrontAssetStore/js/dojo.1.7.1/dijit/a11y.js"></script><script type="text/javascript" charset="utf-8" src="http://c1.sainsburys.co.uk/wcsstore7.20.1.145/SainsburysStorefrontAssetStore/js/dojo.1.7.1/dijit/registry.js"></script><script type="text/javascript" charset="utf-8" src="http://c1.sainsburys.co.uk/wcsstore7.20.1.145/SainsburysStorefrontAssetStore/js/dojo.1.7.1/dijit/_WidgetBase.js"></script><script type="text/javascript" charset="utf-8" src="http://c1.sainsburys.co.uk/wcsstore7.20.1.145/SainsburysStorefrontAssetStore/js/dojo.1.7.1/dijit/_OnDijitClickMixin.js"></script><script type="text/javascript" charset="utf-8" src="http://c1.sainsburys.co.uk/wcsstore7.20.1.145/SainsburysStorefrontAssetStore/js/dojo.1.7.1/dijit/_FocusMixin.js"></script><script type="text/javascript" charset="utf-8" src="http://c1.sainsburys.co.uk/wcsstore7.20.1.145/SainsburysStorefrontAssetStore/js/dojo.1.7.1/dojo/uacss.js"></script><script type="text/javascript" charset="utf-8" src="http://c1.sainsburys.co.uk/wcsstore7.20.1.145/SainsburysStorefrontAssetStore/js/dojo.1.7.1/dijit/hccss.js"></script><script type="text/javascript" charset="utf-8" src="http://c1.sainsburys.co.uk/wcsstore7.20.1.145/SainsburysStorefrontAssetStore/js/dojo.1.7.1/dojo/touch.js"></script><script type="text/javascript" charset="utf-8" src="http://c1.sainsburys.co.uk/wcsstore7.20.1.145/SainsburysStorefrontAssetStore/js/dojo.1.7.1/dojo/cache.js"></script><script type="text/javascript" charset="utf-8" src="http://c1.sainsburys.co.uk/wcsstore7.20.1.145/SainsburysStorefrontAssetStore/js/dojo.1.7.1/dojo/cookie.js"></script><script type="text/javascript" charset="utf-8" src="http://c1.sainsburys.co.uk/wcsstore7.20.1.145/SainsburysStorefrontAssetStore/js/dojo.1.7.1/dijit/layout/_LayoutWidget.js"></script><script type="text/javascript" charset="utf-8" src="http://c1.sainsburys.co.uk/wcsstore7.20.1.145/SainsburysStorefrontAssetStore/js/dojo.1.7.1/dijit/layout/utils.js"></script><script type="text/javascript" charset="utf-8" src="http://c1.sainsburys.co.uk/wcsstore7.20.1.145/SainsburysStorefrontAssetStore/js/dojo.1.7.1/dijit/_Contained.js"></script><script type="text/javascript" charset="utf-8" src="http://c1.sainsburys.co.uk/wcsstore7.20.1.145/SainsburysStorefrontAssetStore/js/dojo.1.7.1/dijit/nls/loading.js"></script><script type="text/javascript" charset="utf-8" src="http://c1.sainsburys.co.uk/wcsstore7.20.1.145/SainsburysStorefrontAssetStore/js/dojo.1.7.1/dijit/nls/common.js"></script><script type="text/javascript" charset="utf-8" src="http://c1.sainsburys.co.uk/wcsstore7.20.1.145/SainsburysStorefrontAssetStore/js/dojo.1.7.1/dojox/widget/Rotator.js"></script><script type="text/javascript" charset="utf-8" src="http://c1.sainsburys.co.uk/wcsstore7.20.1.145/SainsburysStorefrontAssetStore/js/dojo.1.7.1/dojo/regexp.js"></script><script type="text/javascript" charset="utf-8" src="http://c1.sainsburys.co.uk/wcsstore7.20.1.145/SainsburysStorefrontAssetStore/js/dojo.1.7.1/dojo/fx/Toggler.js"></script><script type="text/javascript" charset="utf-8" src="http://c1.sainsburys.co.uk/wcsstore7.20.1.145/SainsburysStorefrontAssetStore/js/dojo.1.7.1/dijit/_base.js"></script><script type="text/javascript" charset="utf-8" src="http://c1.sainsburys.co.uk/wcsstore7.20.1.145/SainsburysStorefrontAssetStore/js/dojo.1.7.1/dijit/WidgetSet.js"></script><script type="text/javascript" charset="utf-8" src="http://c1.sainsburys.co.uk/wcsstore7.20.1.145/SainsburysStorefrontAssetStore/js/dojo.1.7.1/dijit/_base/focus.js"></script><script type="text/javascript" charset="utf-8" src="http://c1.sainsburys.co.uk/wcsstore7.20.1.145/SainsburysStorefrontAssetStore/js/dojo.1.7.1/dijit/_base/place.js"></script><script type="text/javascript" charset="utf-8" src="http://c1.sainsburys.co.uk/wcsstore7.20.1.145/SainsburysStorefrontAssetStore/js/dojo.1.7.1/dijit/_base/popup.js"></script><script type="text/javascript" charset="utf-8" src="http://c1.sainsburys.co.uk/wcsstore7.20.1.145/SainsburysStorefrontAssetStore/js/dojo.1.7.1/dijit/_base/scroll.js"></script><script type="text/javascript" charset="utf-8" src="http://c1.sainsburys.co.uk/wcsstore7.20.1.145/SainsburysStorefrontAssetStore/js/dojo.1.7.1/dijit/_base/sniff.js"></script><script type="text/javascript" charset="utf-8" src="http://c1.sainsburys.co.uk/wcsstore7.20.1.145/SainsburysStorefrontAssetStore/js/dojo.1.7.1/dijit/_base/typematic.js"></script><script type="text/javascript" charset="utf-8" src="http://c1.sainsburys.co.uk/wcsstore7.20.1.145/SainsburysStorefrontAssetStore/js/dojo.1.7.1/dijit/_base/wai.js"></script><script type="text/javascript" charset="utf-8" src="http://c1.sainsburys.co.uk/wcsstore7.20.1.145/SainsburysStorefrontAssetStore/js/dojo.1.7.1/dijit/_base/window.js"></script><script type="text/javascript" charset="utf-8" src="http://c1.sainsburys.co.uk/wcsstore7.20.1.145/SainsburysStorefrontAssetStore/js/dojo.1.7.1/dijit/place.js"></script><script type="text/javascript" charset="utf-8" src="http://c1.sainsburys.co.uk/wcsstore7.20.1.145/SainsburysStorefrontAssetStore/js/dojo.1.7.1/dijit/popup.js"></script><script type="text/javascript" charset="utf-8" src="http://c1.sainsburys.co.uk/wcsstore7.20.1.145/SainsburysStorefrontAssetStore/js/dojo.1.7.1/dijit/BackgroundIframe.js"></script><script type="text/javascript" charset="utf-8" src="http://c1.sainsburys.co.uk/wcsstore7.20.1.145/SainsburysStorefrontAssetStore/js/dojo.1.7.1/dijit/typematic.js"></script><script type="text/javascript" charset="utf-8" src="http://c1.sainsburys.co.uk/wcsstore7.20.1.145/SainsburysStorefrontAssetStore/js/dojo.1.7.1/dijit/layout/StackController.js"></script><script type="text/javascript" charset="utf-8" src="http://c1.sainsburys.co.uk/wcsstore7.20.1.145/SainsburysStorefrontAssetStore/js/dojo.1.7.1/dijit/form/ToggleButton.js"></script><script type="text/javascript" charset="utf-8" src="http://c1.sainsburys.co.uk/wcsstore7.20.1.145/SainsburysStorefrontAssetStore/js/dojo.1.7.1/dijit/form/Button.js"></script><script type="text/javascript" charset="utf-8" src="http://c1.sainsburys.co.uk/wcsstore7.20.1.145/SainsburysStorefrontAssetStore/js/dojo.1.7.1/dijit/form/_ToggleButtonMixin.js"></script><script type="text/javascript" charset="utf-8" src="http://c1.sainsburys.co.uk/wcsstore7.20.1.145/SainsburysStorefrontAssetStore/js/dojo.1.7.1/dijit/form/_FormWidget.js"></script><script type="text/javascript" charset="utf-8" src="http://c1.sainsburys.co.uk/wcsstore7.20.1.145/SainsburysStorefrontAssetStore/js/dojo.1.7.1/dijit/form/_ButtonMixin.js"></script><script type="text/javascript" charset="utf-8" src="http://c1.sainsburys.co.uk/wcsstore7.20.1.145/SainsburysStorefrontAssetStore/js/dojo.1.7.1/dijit/form/_FormWidgetMixin.js"></script><script type="text/javascript" charset="utf-8" src="http://c1.sainsburys.co.uk/wcsstore7.20.1.145/SainsburysStorefrontAssetStore/js/dojo.1.7.1/dijit/layout/AccordionPane.js"></script><script type="text/javascript" charset="utf-8" src="http://c1.sainsburys.co.uk/wcsstore7.20.1.145/SainsburysStorefrontAssetStore/js/dojo.1.7.1/dijit/form/_FormValueWidget.js"></script><script type="text/javascript" charset="utf-8" src="http://c1.sainsburys.co.uk/wcsstore7.20.1.145/SainsburysStorefrontAssetStore/js/dojo.1.7.1/dijit/form/_FormValueMixin.js"></script><script type="text/javascript" charset="utf-8" src="http://c1.sainsburys.co.uk/wcsstore7.20.1.145/SainsburysStorefrontAssetStore/js/dojo.1.7.1/dijit/form/DropDownButton.js"></script><script type="text/javascript" charset="utf-8" src="http://c1.sainsburys.co.uk/wcsstore7.20.1.145/SainsburysStorefrontAssetStore/js/dojo.1.7.1/dijit/form/ComboButton.js"></script><script type="text/javascript" charset="utf-8" src="http://c1.sainsburys.co.uk/wcsstore7.20.1.145/SainsburysStorefrontAssetStore/js/dojo.1.7.1/dijit/_HasDropDown.js"></script><script type="text/javascript">  
    var _deliverySlotInfo = {                          
            expiryDateTime: '',
            currentDateTime: 'March 20,2017 16:26:18',
            ajaxCountDownUrl: 'CountdownDisplayView?langId=44&amp;storeId=10151',
            ajaxExpiredUrl: 'DeliverySlotExpiredDisplayView?langId=44&amp;storeId=10151&amp;currentPageUrl=http%3a%2f%2fwww.sainsburys.co.uk%2fwebapp%2fwcs%2fstores%2fservlet%2fCategoryDisplay%3fmsg%3d%26langId%3d44%26storeId%3d10151%26krypto%3dujINEMC73wkOWgnVB3i%252FXbBlS4XLFqFhWlJSKIBpyzpzLJDvcPlAmwDvvVWWhKyxD3D6NpcqxM0QUs2KeJdWNDHcWUBBtNR5EpcJ3VFxBINczymq2ORmzlPfYrRAVF7okPLz8b%252B5BeKcs52Zf52%252B8Hs7hZdGFepiFVWzGQtL5Dk%253D%26ddkey%3dhttp%253Agb%252Fgroceries%252Fdrinks%252Fpre-mixed-cans&amp;AJAXCall=true'
        }
    var _amendOrderSlotInfo = {                          
            expiryDateTime: '',
            currentDateTime: 'March 20,2017 16:26:18',
            ajaxAmendOrderExpiryUrl: 'AjaxOrderAmendSlotExpiryView?langId=44&amp;storeId=10151&amp;currentPageUrl=http%3a%2f%2fwww.sainsburys.co.uk%2fwebapp%2fwcs%2fstores%2fservlet%2fCategoryDisplay%3fmsg%3d%26langId%3d44%26storeId%3d10151%26krypto%3dujINEMC73wkOWgnVB3i%252FXbBlS4XLFqFhWlJSKIBpyzpzLJDvcPlAmwDvvVWWhKyxD3D6NpcqxM0QUs2KeJdWNDHcWUBBtNR5EpcJ3VFxBINczymq2ORmzlPfYrRAVF7okPLz8b%252B5BeKcs52Zf52%252B8Hs7hZdGFepiFVWzGQtL5Dk%253D%26ddkey%3dhttp%253Agb%252Fgroceries%252Fdrinks%252Fpre-mixed-cans'
        }    
    var _commonPageInfo = {
        currentUrl: 'http://www.sainsburys.co.uk/webapp/wcs/stores/servlet/CategoryDisplay?msg=&amp;langId=44&amp;storeId=10151&amp;krypto=ujINEMC73wkOWgnVB3i%2FXbBlS4XLFqFhWlJSKIBpyzpzLJDvcPlAmwDvvVWWhKyxD3D6NpcqxM0QUs2KeJdWNDHcWUBBtNR5EpcJ3VFxBINczymq2ORmzlPfYrRAVF7okPLz8b%2B5BeKcs52Zf52%2B8Hs7hZdGFepiFVWzGQtL5Dk%3D&amp;ddkey=http%3Agb%2Fgroceries%2Fdrinks%2Fpre-mixed-cans',
        storeId: '10151',
        langId: '44'
    }
</script><script type="text/javascript">
	    var _rhsCheckPostCodeRuleset = {                          
	          postCode: {
	                isEmpty: {
	                      param: true,
	                      text: 'Sorry, we couldn&#39;t recognise that postcode. Please try again.',
	                      msgPlacement: "#checkPostCodePanel #Rhs_checkPostCode .field",
	                      elemToAddErrorClassTo: "#checkPostCodePanel #Rhs_checkPostCode .field"
	                },
	                minLength: {
	                      param: 5,
	                      text: 'Sorry, this entry must be at least 5 characters long.',
	                      msgPlacement: "#checkPostCodePanel #Rhs_checkPostCode .field",
	                      elemToAddErrorClassTo: "#checkPostCodePanel #Rhs_checkPostCode .field"
	                },
	                isPostcode: {
	                      param: true,
	                      text: 'Sorry, we couldn&#39;t recognise that postcode. Please try again.',
	                      msgPlacement: "#checkPostCodePanel #Rhs_checkPostCode .field",
	                      elemToAddErrorClassTo: "#checkPostCodePanel #Rhs_checkPostCode .field"
	                }
	          }
	    }
	    </script><script type="text/javascript">
      var typeAheadTrigger = 2;
</script><script type="text/javascript" data-dojo-config="isDebug: false, useCommentedJson: true,locale: 'en-gb', parseOnLoad: true, dojoBlankHtmlUrl:'/wcsstore/SainsburysStorefrontAssetStore/js/dojo.1.7.1/blank.html'" src="http://c1.sainsburys.co.uk/wcsstore7.20.1.145/SainsburysStorefrontAssetStore/js/dojo.1.7.1/dojo/dojo.js"></script><script type="text/javascript">"undefined"==typeof digitalData&&(digitalData={event:[]}),digitalData.event.push=function(){for(var t=0,e=arguments.length;e>t;t++)this[this.length]=arguments[t];var n="s_"+arguments[0].eventInfo.eventName;if(void 0!=n){var a=null;try{a=new Event(n,{bubbles:!0,cancelable:!1})}catch(i){a=document.createEvent("Event"),a.initEvent(n,!0,!1)}document.addEventListener?document.addEventListener(n,function(t){},!1):document.attachEvent(n,function(t){}),document.dispatchEvent(a)}return this.length};</script><script type="text/javascript" src="http://c1.sainsburys.co.uk/wcsstore7.20.1.145/SainsburysStorefrontAssetStore/js/sainsburys.js"></script><script type="text/javascript">require(["dojo/parser", "dijit/layout/AccordionContainer", "dijit/layout/ContentPane", "dojox/widget/AutoRotator", "dojox/widget/rotator/Fade"]);</script><script type="text/javascript" src="http://c1.sainsburys.co.uk/wcsstore7.20.1.145/SainsburysStorefrontAssetStore/wcassets/groceries/scripts/page/faq.js"></script><script type="text/javascript">if (self === top) {var antiCJ = document.getElementById("antiCJ");antiCJ.parentNode.removeChild(antiCJ);} else {top.location = self.location;}</script><!-- Maxymiser script start --><script type="text/javascript" src="//service.maxymiser.net/cdn/sainsburyscoUK/js/mmcore.js">
</script><!-- Maxymiser script end --><!-- END CommonJSToInclude.jspf -->
</head>
<body id="shelfPage" class="shelfPage floatingHeader">
<div class="hidden overlayBox" id="overlayBox" role="dialog"></div>
<div class="hidden pageOverlay" id="pageOverlay"></div>
<div id="autoCompleteList" class="autoCompleteList jsAccess" style="top: 82px; left: 790px;"></div>
<div class="hidden overlayBox" id="overlayBox" role="dialog"></div>
<div class="hidden pageOverlay" id="pageOverlay"></div>
<div id="page" style="padding-top: 169px;">
    <!-- BEGIN StoreCommonUtilities.jspf --><!-- END StoreCommonUtilities.jspf --><!-- Header Nav Start --><!-- BEGIN LayoutContainerTop.jspf --><!-- BEGIN HeaderDisplay.jspf --><!-- BEGIN CachedHeaderDisplay.jsp -->

<ul id="skipLinks">
<li><a href="#content">Skip to main content</a></li>
    <li><a href="#groceriesNav">Skip to groceries navigation menu</a></li>
    
</ul>
<div id="globalHeaderContainer">
    <div class="header globalHeader" id="globalHeader">
        <div class="globalNav">
	<ul>
<li>
			<a href="http://www.sainsburys.co.uk">
			    <span class="moreSainsburysIcon"></span>
                Explore more at Sainsburys.co.uk 
			</a>
		</li>
		<li>
			<a href="http://help.sainsburys.co.uk" rel="external">
			    <span class="helpCenterIcon"></span>
                Help Centre 
			<span class="access"> (opens in a new window/tab)</span></a>
		</li>
		<li>
			<a href="http://stores.sainsburys.co.uk" rel="external">
			    <span class="storeLocatorIcon"></span>
                Store Locator 
			<span class="access"> (opens in a new window/tab)</span></a>
		</li>
		<li class="loginRegister">
			 
				    
					<a href="https://www.sainsburys.co.uk/shop/LogonView?catalogId=10241&amp;logonCallerId=LogonButton&amp;langId=44&amp;storeId=10151&amp;URL=https%3A%2F%2Fwww.sainsburys.co.uk%2Fshop%2FMyAccount%3FlangId%3D44%26storeId%3D10151">
						<span class="userIcon"></span>
                        Log in / Register 
					</a>
				
		</li>
	</ul>
</div>

	    <div class="globalHeaderLogoSearch">
	        <!-- BEGIN LogoSearchNavBar.jspf -->

<a href="http://www.sainsburys.co.uk/shop/gb/groceries" class="mainLogo"><img src="/wcsstore/SainsburysStorefrontAssetStore/img/logo.png" alt="Sainsbury's"></a>
<div class="searchBox" role="search">
    

    <form name="sol_search" method="get" action="SearchDisplay" id="globalSearchForm">

        <input type="hidden" name="viewTaskName" value="CategoryDisplayView"><input type="hidden" name="recipesSearch" value="true"><input type="hidden" name="orderBy" value="RELEVANCE"><input type="hidden" name="favouritesSelection" value="0"><input type="hidden" name="langId" value="44"><input type="hidden" name="pageSize" value="100"><input type="hidden" name="storeId" value="10151"><label for="search" class="access">Search for products</label>
        <input type="search" name="searchTerm" id="search" maxlength="150" value="" autocomplete="off" placeholder="Search products"><button type="button" id="clearSearch" class="clearSearch hidden">Clear the search field</button>
        <input type="submit" name="searchSubmit" id="searchSubmit" value="Search">
</form>

    <a class="findProduct" href="http://www.sainsburys.co.uk/shop/ShoppingListDisplay?catalogId=10241&amp;action=ShoppingListDisplay&amp;urlLangId=&amp;langId=44&amp;storeId=10151">Search for multiple products</a>
    <!-- ul class="searchNav">
        <li class="shoppingListLink"><a href="http://www.sainsburys.co.uk/shop/ShoppingListDisplay?catalogId=10241&action=ShoppingListDisplay&urlLangId=&langId=44&storeId=10151">Find a list of products</a></li>
        <li><a href="http://stores.sainsburys.co.uk">Store Locator</a></li>
        <li><a href="https://www.sainsburys.co.uk/shop/MyAccount?langId=44&amp;storeId=10151">My Account</a></li>
        
                 <li><a href="https://www.sainsburys.co.uk/shop/QuickRegistrationFormView?catalogId=10241&amp;langId=44&amp;storeId=10151" >Register</a></li>
        
    </ul-->

</div>
<!-- END LogoSearchNavBar.jspf -->
        </div>
        <div id="groceriesNav" class="groceriesNav">
            <ul class="mainNav">
<li>
                    
                            <a class="active" href="http://www.sainsburys.co.uk/shop/gb/groceries"><strong>Groceries</strong></a>
                        
                </li>
                <li>
                    
	                           <a href="http://www.sainsburys.co.uk/shop/gb/groceries/favourites">Favourites</a>
	                        
                </li>
                <li>
                    
                          <a href="http://www.sainsburys.co.uk/shop/gb/groceries/great-offers">Great Prices</a>
                        
                </li>
                <li>
                    
                           <a href="http://www.sainsburys.co.uk/shop/gb/groceries/discover">Discover</a>
                        
                </li>
                
                <li>
                    
                           <a href="http://recipes.sainsburys.co.uk">Recipes</a>
                        
                </li>
                
            </ul>
<hr>
<p class="access">Groceries Categories</p>
                    
                    <div class="subNav">
                        <ul>
<li>
                                    
                                            <a href="http://www.sainsburys.co.uk/shop/gb/groceries/easter">Easter</a>
                                         
                                   </li>
                              
                                <li>
                                    
                                            <a href="http://www.sainsburys.co.uk/shop/gb/groceries/fruit-veg">Fruit &amp; veg</a>
                                         
                                   </li>
                              
                                <li>
                                    
                                            <a href="http://www.sainsburys.co.uk/shop/gb/groceries/meat-fish">Meat &amp; fish</a>
                                         
                                   </li>
                              
                                <li>
                                    
                                            <a href="http://www.sainsburys.co.uk/shop/gb/groceries/dairy">Dairy</a>
                                         
                                   </li>
                              
                                <li>
                                    
                                            <a href="http://www.sainsburys.co.uk/shop/gb/groceries/chilled-">Chilled</a>
                                         
                                   </li>
                              
                                <li>
                                    
                                            <a href="http://www.sainsburys.co.uk/shop/gb/groceries/bakery">Bakery</a>
                                         
                                   </li>
                              
                                <li>
                                    
                                            <a href="http://www.sainsburys.co.uk/shop/gb/groceries/frozen-">Frozen</a>
                                         
                                   </li>
                              
                                <li>
                                    
                                            <a href="http://www.sainsburys.co.uk/shop/gb/groceries/food-cupboard">Food cupboard</a>
                                         
                                   </li>
                              
                                <li>
                                    
                                            <a class="active" href="http://www.sainsburys.co.uk/shop/gb/groceries/drinks"><strong>Drinks</strong></a>
                                             
                                   </li>
                              
                                <li>
                                    
                                            <a href="http://www.sainsburys.co.uk/shop/gb/groceries/health-beauty">Health &amp; beauty</a>
                                         
                                   </li>
                              
                                <li>
                                    
                                            <a href="http://www.sainsburys.co.uk/shop/gb/groceries/baby">Baby</a>
                                         
                                   </li>
                              
                                <li>
                                    
                                            <a href="http://www.sainsburys.co.uk/shop/gb/groceries/household">Household</a>
                                         
                                   </li>
                              
                                <li>
                                    
                                            <a href="http://www.sainsburys.co.uk/shop/gb/groceries/pet">Pet</a>
                                         
                                   </li>
                              
                                <li>
                                    
                                            <a href="http://www.sainsburys.co.uk/shop/gb/groceries/home">Home</a>
                                         
                                   </li>
                              
                        </ul>
</div>
                
        </div>    
    </div>
</div>
<!-- Generated on: Mon Mar 20 16:26:18 GMT 2017  -->
<!-- END CachedHeaderDisplay.jsp --><!-- END HeaderDisplay.jspf --><!-- END LayoutContainerTop.jspf --><!-- Header Nav End --><!-- Main Area Start -->
    <div id="main">
        <!-- Content Start -->
        <div class="article" id="content">
            <!--  START BreadCrumbTrailDisplay.jsp -->
                  <div class="nav breadcrumb" id="breadcrumbNav">
                    <p class="access">You are here:</p>  
                    <ul id="breadcrumbNavList">
<li class="first">
<span class="corner"></span><a href="http://www.sainsburys.co.uk/shop/gb/groceries/drinks"><span>Drinks</span></a>
    
        <span class="arrow"></span>
    
    <div>
        <p>Select an option:</p>
        <ul>
<li><a href="http://www.sainsburys.co.uk/shop/gb/groceries/drinks/wine-champagne">Wine &amp; Champagne</a></li>
            
                <li><a href="http://www.sainsburys.co.uk/shop/gb/groceries/drinks/lager-beer-cider">Lager, beer &amp; cider</a></li>
            
                <li><a href="http://www.sainsburys.co.uk/shop/gb/groceries/drinks/spirits-liqueurs">Spirits</a></li>
            
                <li><a href="http://www.sainsburys.co.uk/shop/gb/groceries/drinks/alcohol-gifts">Alcohol gifts</a></li>
            
                <li><a href="http://www.sainsburys.co.uk/shop/gb/groceries/drinks/mixers-adult-soft-drinks">Mixers &amp; adult soft drinks</a></li>
            
                <li><a href="http://www.sainsburys.co.uk/shop/gb/groceries/drinks/tea-coffee-hot-drinks">Tea, coffee &amp; hot drinks</a></li>
            
                <li><a href="http://www.sainsburys.co.uk/shop/gb/groceries/drinks/milk-milk-drinks">Milk &amp; milk drinks</a></li>
            
                <li><a href="http://www.sainsburys.co.uk/shop/gb/groceries/drinks/water">Water</a></li>
            
                <li><a href="http://www.sainsburys.co.uk/shop/gb/groceries/drinks/squash-cordials">Squash &amp; cordials</a></li>
            
                <li><a href="http://www.sainsburys.co.uk/shop/gb/groceries/drinks/fizzy-drinks">Fizzy drinks</a></li>
            
                <li><a href="http://www.sainsburys.co.uk/shop/gb/groceries/drinks/drinks-chilled-fruit-juice-smoothies">Chilled fruit juice &amp; smoothies</a></li>
            
                <li><a href="http://www.sainsburys.co.uk/shop/gb/groceries/drinks/longer-life-juice">Longer life juice &amp; juice drinks</a></li>
            
                <li><a href="http://www.sainsburys.co.uk/shop/gb/groceries/drinks/kids-lunchbox">Kids &amp; lunchbox</a></li>
            
                <li><a href="http://www.sainsburys.co.uk/shop/gb/groceries/drinks/sports-energy-wellbeing">Sports, energy &amp; wellbeing</a></li>
            
        </ul>
</div>
</li>

            <li class="second">
<a href="http://www.sainsburys.co.uk/shop/gb/groceries/drinks/pre-mixed-spirits"><span>Spirits</span></a> <span class="arrow"></span>
                <div>
                    <p>Select an option:</p>
                    <ul>
<li><a href="http://www.sainsburys.co.uk/shop/gb/groceries/drinks/whisky-">Whisky</a></li>
                        
                            <li><a href="http://www.sainsburys.co.uk/shop/gb/groceries/drinks/vodka">Vodka</a></li>
                        
                            <li><a href="http://www.sainsburys.co.uk/shop/gb/groceries/drinks/gin">Gin</a></li>
                        
                            <li><a href="http://www.sainsburys.co.uk/shop/gb/groceries/drinks/rum">Rum</a></li>
                        
                            <li><a href="http://www.sainsburys.co.uk/shop/gb/groceries/drinks/brandy-cognac">Brandy &amp; cognac</a></li>
                        
                            <li><a href="http://www.sainsburys.co.uk/shop/gb/groceries/drinks/tequila">Tequila</a></li>
                        
                            <li><a href="http://www.sainsburys.co.uk/shop/gb/groceries/drinks/vermouths-aperitifs">Vermouths &amp; aperitifs</a></li>
                        
                            <li><a href="http://www.sainsburys.co.uk/shop/gb/groceries/drinks/liqueurs-other-spirits">Liqueurs &amp; speciality spirits</a></li>
                        
                            <li><a href="http://www.sainsburys.co.uk/shop/gb/groceries/drinks/alcopops">Alcopops</a></li>
                        
                            <li><a href="http://www.sainsburys.co.uk/shop/gb/groceries/drinks/pre-mixed-spirits">Pre-mixed &amp; cocktails</a></li>
                        
                            <li><a href="http://www.sainsburys.co.uk/shop/gb/groceries/drinks/spirits-sherry-port-fortified-wine">Sherry, port &amp; fortified wine</a></li>
                        
                            <li><a href="http://www.sainsburys.co.uk/shop/gb/groceries/drinks/special-offers-279834-44">Special offers</a></li>
                        
                    </ul>
</div>
            </li>
        
            <li class="third">
<a href="http://www.sainsburys.co.uk/shop/gb/groceries/drinks/pre-mixed-spirits"><span>Pre-mixed &amp; cocktails</span></a> <span class="arrow"></span>
                <div>
                <p>Select an option:</p>
                    <ul>
<li><a href="http://www.sainsburys.co.uk/shop/gb/groceries/drinks/pre-mixed-cans">Pre-mixed cans</a></li>
                        
                            <li><a href="http://www.sainsburys.co.uk/shop/gb/groceries/drinks/cocktail-ingredients-276005-44">Cocktail ingredients</a></li>
                        
                            <li><a href="http://www.sainsburys.co.uk/shop/gb/groceries/drinks/alcopops-44">Alcopops</a></li>
                        
                            <li><a href="http://www.sainsburys.co.uk/shop/gb/groceries/drinks/mixers-44">Mixers</a></li>
                        
                            <li><a href="http://www.sainsburys.co.uk/shop/gb/groceries/drinks/build-your-own-cocktail">Build your own cocktail</a></li>
                        
                    </ul>
</div>
            </li>
        
    <li class="fourth">
<a href="http://www.sainsburys.co.uk/shop/gb/groceries/drinks/pre-mixed-cans"><span>Pre-mixed cans</span></a>
        
    </li>
    
                    </ul>
</div>
                <!--  END BreadCrumbTrailDisplay.jsp --><!-- BEGIN MessageDisplay.jspf --><!-- END MessageDisplay.jspf --><!-- BEGIN ShelfDisplay.jsp -->

<div class="section">
    
    <h1 id="resultsHeading" class="resultsHeading">
        Pre-mixed cansÂ (46 products available)
    </h1> 

    <!-- DEBUG: shelfTopLeftESpotName = Z:DRINKS/D:SPIRITS/A:PRE-MIXED_AND_COCKTAILS/S:PRE-MIXED_CANS/Shelf_Top_Left --><!-- DEBUG: shelfTopRightESpotName = Z:DRINKS/D:SPIRITS/A:PRE-MIXED_AND_COCKTAILS/S:PRE-MIXED_CANS/Shelf_Top_Right -->
    <div class="eSpotContainer">
    
    <div id="sitecatalyst_ESPOT_NAME_Z:DRINKS/D:SPIRITS/A:PRE-MIXED_AND_COCKTAILS/S:PRE-MIXED_CANS/Shelf_Top_Left" class="siteCatalystTag">Z:DRINKS/D:SPIRITS/A:PRE-MIXED_AND_COCKTAILS/S:PRE-MIXED_CANS/Shelf_Top_Left</div>

    <div id="sitecatalyst_ESPOT_NAME_Z:DRINKS/D:SPIRITS/A:PRE-MIXED_AND_COCKTAILS/S:PRE-MIXED_CANS/Shelf_Top_Right" class="siteCatalystTag">Z:DRINKS/D:SPIRITS/A:PRE-MIXED_AND_COCKTAILS/S:PRE-MIXED_CANS/Shelf_Top_Right</div>

</div>
</div>

        <div class="section" id="filterContainer">
<div class="areaOverlay" id="filterOverlay"></div>
            <!-- FILTER SECTION STARTS HERE--><!-- BEGIN BrowseFacetsDisplay.jspf--><!-- Start Filter -->
	    <h2 class="access">Product filter options</h2>
        <div class="filterSlither">
            <div class="filterCollapseBar">
                <div class="noFlexComponent">
	                <a href="#filterOptions" id="showHideFilterSlither" aria-controls="filterOptions" aria-expanded="true" class="visible">
		                Filter your list
	                <span class="access">Close filter options</span></a>
	                <span class="quantitySelected" id="quantitySelected" role="status" aria-live="assertive" aria-relevant="text">
	                    
	                </span>
	                <a href="http://www.sainsburys.co.uk/shop/CategoryDisplay?pageSize=100&amp;catalogId=10241&amp;orderBy=FAVOURITES_FIRST&amp;facet=&amp;top_category=12192&amp;parent_category_rn=12192&amp;beginIndex=0&amp;categoryId=276004&amp;langId=44&amp;storeId=10151" class="repressive">
	                    Clear filters
	                </a>
	            </div>
            </div>
            
            

			<form class="shelfFilterOptions " id="filterOptions" name="search_facets_form" action="" method="get">
	            <input type="hidden" value="44" name="langId"><input type="hidden" value="10151" name="storeId"><input type="hidden" value="10241" name="catalogId"><input type="hidden" value="276004" name="categoryId"><input type="hidden" value="12192" name="parent_category_rn"><input type="hidden" value="12192" name="top_category"><input type="hidden" value="100" name="pageSize"><input type="hidden" value="FAVOURITES_FIRST" name="orderBy"><input type="hidden" value="" name="searchTerm"><input type="hidden" value="0" name="beginIndex"><div class="wrapper" id="filterOptionsContainer">
                    
		            

<div class="field options">
    <div class="indicator">
        <p>Options:</p>
    </div>
    <div class="checkboxes">
        
        
            
            <div class="input">
            
            
		                  <input id="globalOptions0" name="facet" type="checkbox" disabled value="" aria-disabled="true"><label class="favouritesLabel" for="globalOptions0">Favourites</label>
                    
	        </div>
	        
	        
            
            <div class="input">
            
            
		                  <input id="globalOptions1" name="facet" type="checkbox" value="86"><label for="globalOptions1">New</label>
		            
	        </div>
	        
	        
            
            <div class="input">
            
            
		                  <input id="globalOptions2" name="facet" type="checkbox" value="88"><label class="offersLabel" for="globalOptions2">Offers</label>
                    
	        </div>
	        
	        
        
    </div>
    
</div>
<!-- BEGIN BrandFacetDisplay.jspf -->

<div class="field topBrands">
    <div class="indicator">
        <p>Top Brands:</p>
    </div>
    <div class="checkboxes">
        
        
            <div class="input">
	           
                       <input id="topBrands0" name="facet" type="checkbox" value="887"><label for="topBrands0">Sainsbury's</label>
	       </div>
	       
            <div class="input">
	           
                       <input id="topBrands1" name="facet" type="checkbox" value="4294966157"><label for="topBrands1">Gordon's</label>
	       </div>
	       
            <div class="input">
	           
                       <input id="topBrands2" name="facet" type="checkbox" value="4294966262"><label for="topBrands2">Jack Daniel's</label>
	       </div>
	       
            <div class="input">
	           
                       <input id="topBrands3" name="facet" type="checkbox" value="4294960801"><label for="topBrands3">Parrot Bay</label>
	       </div>
	       
            <div class="input">
	           
                       <input id="topBrands4" name="facet" type="checkbox" value="4294966248"><label for="topBrands4">Smirnoff</label>
	       </div>
	       
	            <div class="extraTopBrandCheckboxes jsHide" id="extraTopBrandCheckboxes">
		            
					    <div class="input">
							
	                                <input id="extraCheckbox0" name="facet" type="checkbox" value="4294964338"><label for="extraCheckbox0">Caribbean Twist</label>
			           </div>
				       
					    <div class="input">
							
	                                <input id="extraCheckbox1" name="facet" type="checkbox" value="4294966073"><label for="extraCheckbox1">Malibu</label>
			           </div>
				       
					    <div class="input">
							
	                                <input id="extraCheckbox2" name="facet" type="checkbox" value="4294960328"><label for="extraCheckbox2">Pimm's</label>
			           </div>
				       
					    <div class="input">
							
	                                <input id="extraCheckbox3" name="facet" type="checkbox" value="4294966226"><label for="extraCheckbox3">Archers</label>
			           </div>
				       
					    <div class="input">
							
	                                <input id="extraCheckbox4" name="facet" type="checkbox" value="4294966181"><label for="extraCheckbox4">Captain Morgan</label>
			           </div>
				       
					    <div class="input">
							
	                                <input id="extraCheckbox5" name="facet" type="checkbox" value="4294962941"><label for="extraCheckbox5">Hoopers</label>
			           </div>
				       
					    <div class="input">
							
	                                <input id="extraCheckbox6" name="facet" type="checkbox" value="4294964213"><label for="extraCheckbox6">Kopparberg</label>
			           </div>
				       
					    <div class="input">
							
	                                <input id="extraCheckbox7" name="facet" type="checkbox" value="4294966182"><label for="extraCheckbox7">Bacardi</label>
			           </div>
				       
					    <div class="input">
							
	                                <input id="extraCheckbox8" name="facet" type="checkbox" value="4294965288"><label for="extraCheckbox8">Fentimans</label>
			           </div>
				       
					    <div class="input">
							
	                                <input id="extraCheckbox9" name="facet" type="checkbox" value="4294966044"><label for="extraCheckbox9">Greenall's</label>
			           </div>
				       
					    <div class="input">
							
	                                <input id="extraCheckbox10" name="facet" type="checkbox" value="4294958237"><label for="extraCheckbox10">Lic</label>
			           </div>
				       
					    <div class="input">
							
	                                <input id="extraCheckbox11" name="facet" type="checkbox" value="4294966175"><label for="extraCheckbox11">Southern Comfort</label>
			           </div>
				       
			    </div>
<a class="filterBoxShowHide filterBoxShowHide_closed" href="#"><span class="more">See more <span>(12)</span></span><span class="less">See less</span></a>
		    
	    
    </div>
</div>

<!-- END BrandFacetDisplay.jspf --><!-- BEGIN TypeFacetDisplay.jspf -->

<div class="field type">
	
	        <div class="indicator">
               <p>Type:</p>
            </div>
	        <div class="checkboxes">
		        
		        
            
                <div class="checkBoxWrapper">
                
		            
		                    
		                    <div class="input">
		                        
		                                <input id="type0" name="facet" type="checkbox" value="4294965062"><label for="type0">Bottle</label>
		                    </div>
		                    
		                    
		                    
		                    <div class="input">
		                        
		                                <input id="type1" name="facet" type="checkbox" value="4294964945"><label for="type1">Can</label>
		                    </div>
		                    
		                    
		                    
		                    <div class="input">
		                        
		                                <input id="type2" name="facet" type="checkbox" value="4294958124"><label for="type2">Pouch to freeze</label>
		                    </div>
		                    
		                    
		                        </div>
		                        <div class="checkBoxWrapper">
		                    
		        
		        </div>
		        
		    </div>
	        
	    
    
</div>

<!-- END TypeFacetDisplay.jspf -->                    
                </div> 
                
                <!-- BEGIN DietaryFacetDisplay.jspf -->

<div class="filterCollapseBarDietAndLifestyle">
    <a href="#dietAndLifestyle" id="showHideDietAndLifestyle" aria-expanded="false">Dietary &amp; lifestyle options<span class="access">Open filter options</span></a>
    <span class="misc">
        (such as vegetarian, organic and British)
    </span>
</div>

<div class="field dietAndLifestyle jsHide" id="dietAndLifestyle">
    <div class="checkboxes">
        
        
            <div class="input">
                
                        <input id="dietAndLifestyle0" name="facet" type="checkbox" value="4294966753"><label for="dietAndLifestyle0">
                   Suitable for Vegans
                </label>
            </div> 
            

    </div>
</div>

<!-- END DietaryFacetDisplay.jspf -->
            
                <div class="filterActions">
                    <input class="button primary" type="submit" id="applyfilter" name="applyfilter" value="Apply filter">
</div>
            </form>
        </div>
        
	<!-- END BrowseFacetsDisplay.jspf--><!-- FILTER SECTION ENDS HERE-->
        </div>
        <div class="section" id="productsContainer">
            <div id="productsOverlay" class="areaOverlay"></div>
            <div id="productLister">
	            
        <h2 class="access">Product pagination</h2>
        <div class="pagination">
    

    <ul class="viewOptions">
<li class="gridSelected">
                    <span class="access">Grid view</span>
                </li>
                <li class="list">
                    <a href="http://www.sainsburys.co.uk/shop/CategoryDisplay?listView=true&amp;orderBy=FAVOURITES_FIRST&amp;parent_category_rn=12192&amp;top_category=12192&amp;langId=44&amp;beginIndex=0&amp;pageSize=20&amp;catalogId=10241&amp;searchTerm=&amp;categoryId=276004&amp;listId=&amp;storeId=10151&amp;promotionId=">
                        <span class="access">List view</span>
                    </a>
                </li>
            
    </ul>
<form name="search_orderBy_form" action="CategoryDisplay" method="get">
        <input type="hidden" value="44" name="langId"><input type="hidden" value="10151" name="storeId"><input type="hidden" value="10241" name="catalogId"><input type="hidden" value="276004" name="categoryId"><input type="hidden" value="100" name="pageSize"><input type="hidden" value="0" name="beginIndex"><input type="hidden" value="" name="promotionId"><input type="hidden" value="" name="listId"><input type="hidden" value="" name="searchTerm"><input type="hidden" name="hasPreviousOrder" value=""><input type="hidden" name="previousOrderId" value=""><input type="hidden" name="categoryFacetId1" value=""><input type="hidden" name="categoryFacetId2" value=""><input type="hidden" name="bundleId" value=""><div class="field">
            <div class="indicator">
                <label for="orderBy">Sort by:</label>
            </div>

            
                    <input type="hidden" value="12192" name="parent_category_rn"><input type="hidden" value="12192" name="top_category"><div class="input">
                <div class="selectWrapper">
	                <select id="orderBy" name="orderBy"><option value="FAVOURITES_FIRST" selected>Favourites First</option>
<option value="PRICE_ASC">Price - Low to High</option>
<option value="PRICE_DESC">Price - High to Low</option>
<option value="NAME_ASC">Product Name - A - Z</option>
<option value="NAME_DESC">Product Name - Z - A</option>
<option value="TOP_SELLERS">Top Sellers</option>
<option value="RATINGS_DESC">Ratings - High to Low</option>
<option value="NEW">New</option></select><span></span>
	             </div>
            </div>
        </div>
        <div class="actions">
            <input type="submit" class="button" id="Sort" name="Sort" value="Sort">
</div>
    </form>


    <form name="search_pageSize_form" action="CategoryDisplay" method="get">
        <input type="hidden" value="44" name="langId"><input type="hidden" value="10151" name="storeId"><input type="hidden" value="10241" name="catalogId"><input type="hidden" value="276004" name="categoryId"><input type="hidden" value="FAVOURITES_FIRST" name="orderBy"><input type="hidden" value="0" name="beginIndex"><input type="hidden" value="" name="promotionId"><input type="hidden" value="" name="listId"><input type="hidden" value="" name="searchTerm"><input type="hidden" name="hasPreviousOrder" value=""><input type="hidden" name="previousOrderId" value=""><input type="hidden" name="categoryFacetId1" value=""><input type="hidden" name="categoryFacetId2" value=""><input type="hidden" name="ImportedProductsCount" value=""><input type="hidden" name="ImportedStoreName" value=""><input type="hidden" name="ImportedSupermarket" value=""><input type="hidden" name="bundleId" value=""><input type="hidden" value="12192" name="parent_category_rn"><input type="hidden" value="12192" name="top_category"><div class="field">
          <div class="indicator">
            <label for="pageSize">Per page</label>
          </div>
          <div class="input">
            <div class="selectWrapper">
	            <select id="pageSize" name="pageSize"><option value="30">30</option>
<option value="45">45</option>
<option value="60">60</option>
<option value="75">75</option>
<option value="90">90</option></select><span></span>
	         </div>
          </div>
          </div>
          <div class="actions">
              <input type="submit" class="button" id="Go" name="Go" value="Go">
</div>
    </form>

    
    <ul class="pages">
<li class="previous">
		        
		        <span class="access">Go to previous page</span>
		        
            </li>

        <li class="current">
<span class="access">Current page </span><span>1</span>
</li>
        
            <li class="next">
        
        <span class="access">Go to next page</span>
        
            </li>
    </ul>
</div>
    
                <h2 class="access">Products</h2>
	            <ul class="productLister gridView">
<li class="gridItem" style="min-height: 475px;">
	                                <!-- BEGIN CatalogEntryThumbnailDisplay.jsp --><!-- BEGIN MerchandisingAssociationsDisplay.jsp --><!-- Start - JSP File Name:  MerchandisingAssociationsDisplay.jsp --><!-- END MerchandisingAssociationsDisplay.jsp -->
            <div class="product ">
                
                <div class="productInfo">
                    <div class="productNameAndPromotions">
                        
                                  <h3>
                                    <a href="http://www.sainsburys.co.uk/shop/gb/groceries/pre-mixed-cans/sainsburys-bourbon---cola-250ml">
                                        Sainsbury's Bourbon &amp; Cola 250ml
                                        <img src="http://c2.sainsburys.co.uk/wcsstore7.20.1.145/ExtendedSitesCatalogAssetStore/images/catalog/productImages/72/0000001784572/0000001784572_L.jpeg" alt=""></a>
                                </h3>
                              
                    </div> 
                </div>
                
                <div class="errorBanner hidden" id="error100027"></div>
                <div class="addToTrolleytabBox">   
                    <!--addToTrolleytabBox GRID VIEW --><!-- Start UserSubscribedOrNot.jspf --><!-- Start UserSubscribedOrNot.jsp --><!-- 
			If the user is not logged in, render this opening 
			DIV adding an addtional class to fix the border top which is removed 
			and replaced by the tabs
		-->
		<div class="addToTrolleytabContainer addItemBorderTop">
	<!-- End AddToSubscriptionList.jsp --><!-- End AddSubscriptionList.jspf --><!-- 
                    ATTENTION!!!
                    <div class="addToTrolleytabContainer">
                    This opening div is inside "../../ReusableObjects/UserSubscribedOrNot.jsp"
                    -->
                    <div class="pricingAndTrolleyOptions">
                    	
                                    <div class="priceTab priceTabContainer activeContainer addItem" id="addItem_100027">
                                       <div class="pricing">
                                           
	<p class="pricePerUnit">
    Â£1.50<abbr title="per">/</abbr><abbr title="unit"><span class="pricePerUnitUnit">unit</span></abbr>
</p>
 
    <p class="pricePerMeasure">Â£6.00<abbr title="per">/</abbr><abbr title="litres"><span class="pricePerMeasureMeasure">ltr</span></abbr>
    </p>

                                       </div>                                      

                                     
                                        <div class="addToTrolleyForm "> 
                                           <!-- BEGIN AddToTrolley.jsp -->

		<form class="addToTrolleyForm" name="OrderItemAddForm_100027" action="OrderItemAdd" method="post" id="OrderItemAddForm_100027">
		    <input type="hidden" name="storeId" value="10151"><input type="hidden" name="langId" value="44"><input type="hidden" name="catalogId" value="10241"><input type="hidden" name="errorViewName" value="CategoryDisplayView"><input type="hidden" name="SKU_ID" value="7471977"><input type="hidden" name="itemType" value=""><label class="access" for="quantity_100026">Quantity</label>
		        
					<input name="quantity" id="quantity_100026" type="text" size="3" value="1" class="quantity"><input type="hidden" name="catEntryId" value="100027"><input type="hidden" name="productId" value="100026"><input type="hidden" name="URL" value="http://www.sainsburys.co.uk/webapp/wcs/stores/servlet/CategoryDisplay?msg=&amp;langId=44&amp;storeId=10151&amp;krypto=ujINEMC73wkOWgnVB3i%2FXbBlS4XLFqFhWlJSKIBpyzpzLJDvcPlAmwDvvVWWhKyxD3D6NpcqxM0QUs2KeJdWNDHcWUBBtNR5EpcJ3VFxBINczymq2ORmzlPfYrRAVF7okPLz8b%2B5BeKcs52Zf52%2B8Hs7hZdGFepiFVWzGQtL5Dk%3D&amp;ddkey=http%3Agb%2Fgroceries%2Fdrinks%2Fpre-mixed-cans"><input type="hidden" name="page" value=""><input type="hidden" name="contractId" value=""><input type="hidden" name="calculateOrder" value="1"><input type="hidden" name="calculationUsage" value="-1,-2,-3"><input type="hidden" name="updateable" value="1"><input type="hidden" name="merge" value="***"><input type="hidden" name="callAjax" value="false"><input class="button process" type="submit" name="Add" value="Add">
</form>
	<!-- END AddToTrolley.jsp -->
        <div class="numberInTrolley hidden numberInTrolley_100026" id="numberInTrolley_100026">
            
        </div>
    
                                        </div>

                                        <!-- BEGIN CatalogEntryRatingsReviewsInfo.jspf --><!-- productAllowedRatingsAndReviews: true -->
    <div class="reviews">
        
	        <a class="numberOfReviews repressive" href="http://reviews.sainsburys.co.uk//8076-en_gb/7471977-P/writereview.htm?submissionurl=http%3A%2F%2Fwww.sainsburys.co.uk%2Fwebapp%2Fwcs%2Fstores%2Fservlet%2FBVReviewSubmitDisplay%3FcatalogId%3D10199%26storeId%3D10151%26recipe%3D%26langId%3D44%26productId%3D7471977-P&amp;return=http%3A%2F%2Fwww.sainsburys.co.uk%2Fwebapp%2Fwcs%2Fstores%2Fservlet%2FCategoryDisplay%3FpageSize%3D100">
	    Write a review
          	</a>
        
    </div>
<!-- END CatalogEntryRatingsReviewsInfo.jspf -->
                                   </div>
                               <!-- Start AddToSubscriptionList.jspf --><!-- Start AddToSubscriptionList.jsp --><!-- End AddToSubscriptionList.jsp --><!-- End AddToSubscriptionList.jspf -->     
                    </div>
                            
                    
    
    <div class="badges">
        <ul>
<li>

                        
                        
                        <img src="/wcsstore7.20.1.145/SainsburysStorefrontAssetStore/wcassets/icons/ico_spacer.gif" alt="Vegetarian">
</li>
                
                    
                    
                    
                     <li class="lastchild">

                        
                        
                        <img src="/wcsstore7.20.1.145/SainsburysStorefrontAssetStore/wcassets/icons/ico_spacer.gif" alt="Vegan">
</li>
                
        </ul>
</div>

                </div>     
            </div>
            <!--ThumbnailRestriction --><!-- END CatalogEntryThumbnailDisplay.jsp -->
	                            </div>
</li>
	                         

	                            <li class="gridItem" style="min-height: 475px;">
	                                <!-- BEGIN CatalogEntryThumbnailDisplay.jsp --><!-- BEGIN MerchandisingAssociationsDisplay.jsp --><!-- Start - JSP File Name:  MerchandisingAssociationsDisplay.jsp --><!-- END MerchandisingAssociationsDisplay.jsp -->
            <div class="product ">
                
                <div class="productInfo">
                    <div class="productNameAndPromotions">
                        
                                  <h3>
                                    <a href="http://www.sainsburys.co.uk/shop/gb/groceries/pre-mixed-cans/sainsburys-gin---diet-tonic-250ml">
                                        Sainsbury's Gin &amp; Diet Tonic 250ml
                                        <img src="http://c2.sainsburys.co.uk/wcsstore7.20.1.145/ExtendedSitesCatalogAssetStore/images/catalog/productImages/90/0000001847390/0000001847390_L.jpeg" alt=""></a>
                                </h3>
                              
                    </div> 
                </div>
                
                <div class="errorBanner hidden" id="error105189"></div>
                <div class="addToTrolleytabBox">   
                    <!--addToTrolleytabBox GRID VIEW --><!-- Start UserSubscribedOrNot.jspf --><!-- Start UserSubscribedOrNot.jsp --><!-- 
			If the user is not logged in, render this opening 
			DIV adding an addtional class to fix the border top which is removed 
			and replaced by the tabs
		-->
		<div class="addToTrolleytabContainer addItemBorderTop">
	<!-- End AddToSubscriptionList.jsp --><!-- End AddSubscriptionList.jspf --><!-- 
                    ATTENTION!!!
                    <div class="addToTrolleytabContainer">
                    This opening div is inside "../../ReusableObjects/UserSubscribedOrNot.jsp"
                    -->
                    <div class="pricingAndTrolleyOptions">
                    	
                                    <div class="priceTab priceTabContainer activeContainer addItem" id="addItem_105189">
                                       <div class="pricing">
                                           
	<p class="pricePerUnit">
    Â£1.50<abbr title="per">/</abbr><abbr title="unit"><span class="pricePerUnitUnit">unit</span></abbr>
</p>
 
    <p class="pricePerMeasure">Â£6.00<abbr title="per">/</abbr><abbr title="litres"><span class="pricePerMeasureMeasure">ltr</span></abbr>
    </p>

                                       </div>                                      

                                     
                                        <div class="addToTrolleyForm "> 
                                           <!-- BEGIN AddToTrolley.jsp -->

		<form class="addToTrolleyForm" name="OrderItemAddForm_105189" action="OrderItemAdd" method="post" id="OrderItemAddForm_105189">
		    <input type="hidden" name="storeId" value="10151"><input type="hidden" name="langId" value="44"><input type="hidden" name="catalogId" value="10241"><input type="hidden" name="errorViewName" value="CategoryDisplayView"><input type="hidden" name="SKU_ID" value="7571028"><input type="hidden" name="itemType" value=""><label class="access" for="quantity_105188">Quantity</label>
		        
					<input name="quantity" id="quantity_105188" type="text" size="3" value="1" class="quantity"><input type="hidden" name="catEntryId" value="105189"><input type="hidden" name="productId" value="105188"><input type="hidden" name="URL" value="http://www.sainsburys.co.uk/webapp/wcs/stores/servlet/CategoryDisplay?msg=&amp;langId=44&amp;storeId=10151&amp;krypto=ujINEMC73wkOWgnVB3i%2FXbBlS4XLFqFhWlJSKIBpyzpzLJDvcPlAmwDvvVWWhKyxD3D6NpcqxM0QUs2KeJdWNDHcWUBBtNR5EpcJ3VFxBINczymq2ORmzlPfYrRAVF7okPLz8b%2B5BeKcs52Zf52%2B8Hs7hZdGFepiFVWzGQtL5Dk%3D&amp;ddkey=http%3Agb%2Fgroceries%2Fdrinks%2Fpre-mixed-cans"><input type="hidden" name="page" value=""><input type="hidden" name="contractId" value=""><input type="hidden" name="calculateOrder" value="1"><input type="hidden" name="calculationUsage" value="-1,-2,-3"><input type="hidden" name="updateable" value="1"><input type="hidden" name="merge" value="***"><input type="hidden" name="callAjax" value="false"><input class="button process" type="submit" name="Add" value="Add">
</form>
	<!-- END AddToTrolley.jsp -->
        <div class="numberInTrolley hidden numberInTrolley_105188" id="numberInTrolley_105188">
            
        </div>
    
                                        </div>

                                        <!-- BEGIN CatalogEntryRatingsReviewsInfo.jspf --><!-- productAllowedRatingsAndReviews: true -->
    <div class="reviews">
        
	        <a class="numberOfReviews repressive" href="http://reviews.sainsburys.co.uk//8076-en_gb/7571028-P/writereview.htm?submissionurl=http%3A%2F%2Fwww.sainsburys.co.uk%2Fwebapp%2Fwcs%2Fstores%2Fservlet%2FBVReviewSubmitDisplay%3FcatalogId%3D10199%26storeId%3D10151%26recipe%3D%26langId%3D44%26productId%3D7571028-P&amp;return=http%3A%2F%2Fwww.sainsburys.co.uk%2Fwebapp%2Fwcs%2Fstores%2Fservlet%2FCategoryDisplay%3FpageSize%3D100">
	    Write a review
          	</a>
        
    </div>
<!-- END CatalogEntryRatingsReviewsInfo.jspf -->
                                   </div>
                               <!-- Start AddToSubscriptionList.jspf --><!-- Start AddToSubscriptionList.jsp --><!-- End AddToSubscriptionList.jsp --><!-- End AddToSubscriptionList.jspf -->     
                    </div>
                            
                    
    
    <div class="badges">
        <ul>
<li>

                        
                        
                        <img src="/wcsstore7.20.1.145/SainsburysStorefrontAssetStore/wcassets/icons/ico_spacer.gif" alt="Vegetarian">
</li>
                
                    
                    
                    
                     <li class="lastchild">

                        
                        
                        <img src="/wcsstore7.20.1.145/SainsburysStorefrontAssetStore/wcassets/icons/ico_spacer.gif" alt="Vegan">
</li>
                
        </ul>
</div>

                </div>     
            </div>
            <!--ThumbnailRestriction --><!-- END CatalogEntryThumbnailDisplay.jsp -->
	                            </div>
</li>
	                         

	                            <li class="gridItem" style="min-height: 475px;">
	                                <!-- BEGIN CatalogEntryThumbnailDisplay.jsp --><!-- BEGIN MerchandisingAssociationsDisplay.jsp --><!-- Start - JSP File Name:  MerchandisingAssociationsDisplay.jsp --><!-- END MerchandisingAssociationsDisplay.jsp -->
            <div class="product ">
                
                <div class="productInfo">
                    <div class="productNameAndPromotions">
                        
                                  <h3>
                                    <a href="http://www.sainsburys.co.uk/shop/gb/groceries/pre-mixed-cans/sainsburys-gin---diet-tonic-4x250ml">
                                        Sainsbury's Gin &amp; Diet Tonic 4x250ml
                                        <img src="http://c2.sainsburys.co.uk/wcsstore7.20.1.145/ExtendedSitesCatalogAssetStore/images/catalog/productImages/25/0000000232425/0000000232425_L.jpeg" alt=""></a>
                                </h3>
                              
                    </div> 
                </div>
                
                <div class="errorBanner hidden" id="error1017263"></div>
                <div class="addToTrolleytabBox">   
                    <!--addToTrolleytabBox GRID VIEW --><!-- Start UserSubscribedOrNot.jspf --><!-- Start UserSubscribedOrNot.jsp --><!-- 
			If the user is not logged in, render this opening 
			DIV adding an addtional class to fix the border top which is removed 
			and replaced by the tabs
		-->
		<div class="addToTrolleytabContainer addItemBorderTop">
	<!-- End AddToSubscriptionList.jsp --><!-- End AddSubscriptionList.jspf --><!-- 
                    ATTENTION!!!
                    <div class="addToTrolleytabContainer">
                    This opening div is inside "../../ReusableObjects/UserSubscribedOrNot.jsp"
                    -->
                    <div class="pricingAndTrolleyOptions">
                    	
                                    <div class="priceTab priceTabContainer activeContainer addItem" id="addItem_1017263">
                                       <div class="pricing">
                                           
	<p class="pricePerUnit">
    Â£5.00<abbr title="per">/</abbr><abbr title="unit"><span class="pricePerUnitUnit">unit</span></abbr>
</p>
 
    <p class="pricePerMeasure">Â£5.00<abbr title="per">/</abbr><abbr title="litres"><span class="pricePerMeasureMeasure">ltr</span></abbr>
    </p>

                                       </div>                                      

                                     
                                        <div class="addToTrolleyForm "> 
                                           <!-- BEGIN AddToTrolley.jsp -->

		<form class="addToTrolleyForm" name="OrderItemAddForm_1017263" action="OrderItemAdd" method="post" id="OrderItemAddForm_1017263">
		    <input type="hidden" name="storeId" value="10151"><input type="hidden" name="langId" value="44"><input type="hidden" name="catalogId" value="10241"><input type="hidden" name="errorViewName" value="CategoryDisplayView"><input type="hidden" name="SKU_ID" value="7791392"><input type="hidden" name="itemType" value=""><label class="access" for="quantity_1017262">Quantity</label>
		        
					<input name="quantity" id="quantity_1017262" type="text" size="3" value="1" class="quantity"><input type="hidden" name="catEntryId" value="1017263"><input type="hidden" name="productId" value="1017262"><input type="hidden" name="URL" value="http://www.sainsburys.co.uk/webapp/wcs/stores/servlet/CategoryDisplay?msg=&amp;langId=44&amp;storeId=10151&amp;krypto=ujINEMC73wkOWgnVB3i%2FXbBlS4XLFqFhWlJSKIBpyzpzLJDvcPlAmwDvvVWWhKyxD3D6NpcqxM0QUs2KeJdWNDHcWUBBtNR5EpcJ3VFxBINczymq2ORmzlPfYrRAVF7okPLz8b%2B5BeKcs52Zf52%2B8Hs7hZdGFepiFVWzGQtL5Dk%3D&amp;ddkey=http%3Agb%2Fgroceries%2Fdrinks%2Fpre-mixed-cans"><input type="hidden" name="page" value=""><input type="hidden" name="contractId" value=""><input type="hidden" name="calculateOrder" value="1"><input type="hidden" name="calculationUsage" value="-1,-2,-3"><input type="hidden" name="updateable" value="1"><input type="hidden" name="merge" value="***"><input type="hidden" name="callAjax" value="false"><input class="button process" type="submit" name="Add" value="Add">
</form>
	<!-- END AddToTrolley.jsp -->
        <div class="numberInTrolley hidden numberInTrolley_1017262" id="numberInTrolley_1017262">
            
        </div>
    
                                        </div>

                                        <!-- BEGIN CatalogEntryRatingsReviewsInfo.jspf --><!-- productAllowedRatingsAndReviews: true -->
    <div class="reviews">
        
	        <a class="numberOfReviews repressive" href="http://reviews.sainsburys.co.uk//8076-en_gb/7791392-P/writereview.htm?submissionurl=http%3A%2F%2Fwww.sainsburys.co.uk%2Fwebapp%2Fwcs%2Fstores%2Fservlet%2FBVReviewSubmitDisplay%3FcatalogId%3D10199%26storeId%3D10151%26recipe%3D%26langId%3D44%26productId%3D7791392-P&amp;return=http%3A%2F%2Fwww.sainsburys.co.uk%2Fwebapp%2Fwcs%2Fstores%2Fservlet%2FCategoryDisplay%3FpageSize%3D100">
	    Write a review
          	</a>
        
    </div>
<!-- END CatalogEntryRatingsReviewsInfo.jspf -->
                                   </div>
                               <!-- Start AddToSubscriptionList.jspf --><!-- Start AddToSubscriptionList.jsp --><!-- End AddToSubscriptionList.jsp --><!-- End AddToSubscriptionList.jspf -->     
                    </div>
                            
                    
    
    <div class="badges">
        <ul>
<li class="lastchild">

                        
                        
                        <img src="/wcsstore7.20.1.145/SainsburysStorefrontAssetStore/wcassets/icons/new_40x40.gif" alt="New">
</li>
                
        </ul>
</div>

                </div>     
            </div>
            <!--ThumbnailRestriction --><!-- END CatalogEntryThumbnailDisplay.jsp -->
	                            </div>
</li>
	                         

	                            <li class="gridItem" style="min-height: 477px;">
	                                <!-- BEGIN CatalogEntryThumbnailDisplay.jsp --><!-- BEGIN MerchandisingAssociationsDisplay.jsp --><!-- Start - JSP File Name:  MerchandisingAssociationsDisplay.jsp --><!-- END MerchandisingAssociationsDisplay.jsp -->
            <div class="product ">
                
                <div class="productInfo">
                    <div class="productNameAndPromotions">
                        
                                  <h3>
                                    <a href="http://www.sainsburys.co.uk/shop/gb/groceries/pre-mixed-cans/sainsburys-gin---tonic-250ml">
                                        Sainsbury's Gin &amp; Tonic 250ml
                                        <img src="http://c2.sainsburys.co.uk/wcsstore7.20.1.145/ExtendedSitesCatalogAssetStore/images/catalog/productImages/02/0000001784602/0000001784602_L.jpeg" alt=""></a>
                                </h3>
                              
                    </div> 
                </div>
                
                <div class="errorBanner hidden" id="error100029"></div>
                <div class="addToTrolleytabBox">   
                    <!--addToTrolleytabBox GRID VIEW --><!-- Start UserSubscribedOrNot.jspf --><!-- Start UserSubscribedOrNot.jsp --><!-- 
			If the user is not logged in, render this opening 
			DIV adding an addtional class to fix the border top which is removed 
			and replaced by the tabs
		-->
		<div class="addToTrolleytabContainer addItemBorderTop">
	<!-- End AddToSubscriptionList.jsp --><!-- End AddSubscriptionList.jspf --><!-- 
                    ATTENTION!!!
                    <div class="addToTrolleytabContainer">
                    This opening div is inside "../../ReusableObjects/UserSubscribedOrNot.jsp"
                    -->
                    <div class="pricingAndTrolleyOptions">
                    	
                                    <div class="priceTab priceTabContainer activeContainer addItem" id="addItem_100029">
                                       <div class="pricing">
                                           
	<p class="pricePerUnit">
    Â£1.50<abbr title="per">/</abbr><abbr title="unit"><span class="pricePerUnitUnit">unit</span></abbr>
</p>
 
    <p class="pricePerMeasure">Â£6.00<abbr title="per">/</abbr><abbr title="litres"><span class="pricePerMeasureMeasure">ltr</span></abbr>
    </p>

                                       </div>                                      

                                     
                                        <div class="addToTrolleyForm "> 
                                           <!-- BEGIN AddToTrolley.jsp -->

		<form class="addToTrolleyForm" name="OrderItemAddForm_100029" action="OrderItemAdd" method="post" id="OrderItemAddForm_100029">
		    <input type="hidden" name="storeId" value="10151"><input type="hidden" name="langId" value="44"><input type="hidden" name="catalogId" value="10241"><input type="hidden" name="errorViewName" value="CategoryDisplayView"><input type="hidden" name="SKU_ID" value="7471991"><input type="hidden" name="itemType" value=""><label class="access" for="quantity_100028">Quantity</label>
		        
					<input name="quantity" id="quantity_100028" type="text" size="3" value="1" class="quantity"><input type="hidden" name="catEntryId" value="100029"><input type="hidden" name="productId" value="100028"><input type="hidden" name="URL" value="http://www.sainsburys.co.uk/webapp/wcs/stores/servlet/CategoryDisplay?msg=&amp;langId=44&amp;storeId=10151&amp;krypto=ujINEMC73wkOWgnVB3i%2FXbBlS4XLFqFhWlJSKIBpyzpzLJDvcPlAmwDvvVWWhKyxD3D6NpcqxM0QUs2KeJdWNDHcWUBBtNR5EpcJ3VFxBINczymq2ORmzlPfYrRAVF7okPLz8b%2B5BeKcs52Zf52%2B8Hs7hZdGFepiFVWzGQtL5Dk%3D&amp;ddkey=http%3Agb%2Fgroceries%2Fdrinks%2Fpre-mixed-cans"><input type="hidden" name="page" value=""><input type="hidden" name="contractId" value=""><input type="hidden" name="calculateOrder" value="1"><input type="hidden" name="calculationUsage" value="-1,-2,-3"><input type="hidden" name="updateable" value="1"><input type="hidden" name="merge" value="***"><input type="hidden" name="callAjax" value="false"><input class="button process" type="submit" name="Add" value="Add">
</form>
	<!-- END AddToTrolley.jsp -->
        <div class="numberInTrolley hidden numberInTrolley_100028" id="numberInTrolley_100028">
            
        </div>
    
                                        </div>

                                        <!-- BEGIN CatalogEntryRatingsReviewsInfo.jspf --><!-- productAllowedRatingsAndReviews: true -->
    <div class="reviews">
        
            <a class="numberOfReviews" href="http://www.sainsburys.co.uk/shop/gb/groceries/pre-mixed-cans/sainsburys-gin---tonic-250ml#reviews">
                <img src="http://c2.sainsburys.co.uk/wcsstore7.20.1.145/SainsburysStorefrontAssetStore/img/stars/rating-5_0.gif" alt="5.0" border="0">Â  
                Reviews (2)
            </a>
        
    </div>
<!-- END CatalogEntryRatingsReviewsInfo.jspf -->
                                   </div>
                               <!-- Start AddToSubscriptionList.jspf --><!-- Start AddToSubscriptionList.jsp --><!-- End AddToSubscriptionList.jsp --><!-- End AddToSubscriptionList.jspf -->     
                    </div>
                            
                    
    
    <div class="badges">
        <ul>
<li>

                        
                        
                        <img src="/wcsstore7.20.1.145/SainsburysStorefrontAssetStore/wcassets/icons/ico_spacer.gif" alt="Vegetarian">
</li>
                
                    
                    
                    
                     <li class="lastchild">

                        
                        
                        <img src="/wcsstore7.20.1.145/SainsburysStorefrontAssetStore/wcassets/icons/ico_spacer.gif" alt="Vegan">
</li>
                
        </ul>
</div>

                </div>     
            </div>
            <!--ThumbnailRestriction --><!-- END CatalogEntryThumbnailDisplay.jsp -->
	                            </div>
</li>
	                         

	                            <li class="gridItem" style="min-height: 477px;">
	                                <!-- BEGIN CatalogEntryThumbnailDisplay.jsp --><!-- BEGIN MerchandisingAssociationsDisplay.jsp --><!-- Start - JSP File Name:  MerchandisingAssociationsDisplay.jsp --><!-- END MerchandisingAssociationsDisplay.jsp -->
            <div class="product ">
                
                <div class="productInfo">
                    <div class="productNameAndPromotions">
                        
                                  <h3>
                                    <a href="http://www.sainsburys.co.uk/shop/gb/groceries/pre-mixed-cans/sainsburys-spiced-rum---cola-250ml">
                                        Sainsbury's Spiced Rum &amp; Cola 250ml
                                        <img src="http://c2.sainsburys.co.uk/wcsstore7.20.1.145/ExtendedSitesCatalogAssetStore/images/catalog/productImages/65/0000000227865/0000000227865_L.jpeg" alt=""></a>
                                </h3>
                              
                    </div> 
                </div>
                
                <div class="errorBanner hidden" id="error994869"></div>
                <div class="addToTrolleytabBox">   
                    <!--addToTrolleytabBox GRID VIEW --><!-- Start UserSubscribedOrNot.jspf --><!-- Start UserSubscribedOrNot.jsp --><!-- 
			If the user is not logged in, render this opening 
			DIV adding an addtional class to fix the border top which is removed 
			and replaced by the tabs
		-->
		<div class="addToTrolleytabContainer addItemBorderTop">
	<!-- End AddToSubscriptionList.jsp --><!-- End AddSubscriptionList.jspf --><!-- 
                    ATTENTION!!!
                    <div class="addToTrolleytabContainer">
                    This opening div is inside "../../ReusableObjects/UserSubscribedOrNot.jsp"
                    -->
                    <div class="pricingAndTrolleyOptions">
                    	
                                    <div class="priceTab priceTabContainer activeContainer addItem" id="addItem_994869">
                                       <div class="pricing">
                                           
	<p class="pricePerUnit">
    Â£1.50<abbr title="per">/</abbr><abbr title="unit"><span class="pricePerUnitUnit">unit</span></abbr>
</p>
 
    <p class="pricePerMeasure">Â£6.00<abbr title="per">/</abbr><abbr title="litres"><span class="pricePerMeasureMeasure">ltr</span></abbr>
    </p>

                                       </div>                                      

                                     
                                        <div class="addToTrolleyForm "> 
                                           <!-- BEGIN AddToTrolley.jsp -->

		<form class="addToTrolleyForm" name="OrderItemAddForm_994869" action="OrderItemAdd" method="post" id="OrderItemAddForm_994869">
		    <input type="hidden" name="storeId" value="10151"><input type="hidden" name="langId" value="44"><input type="hidden" name="catalogId" value="10241"><input type="hidden" name="errorViewName" value="CategoryDisplayView"><input type="hidden" name="SKU_ID" value="7783852"><input type="hidden" name="itemType" value=""><label class="access" for="quantity_994868">Quantity</label>
		        
					<input name="quantity" id="quantity_994868" type="text" size="3" value="1" class="quantity"><input type="hidden" name="catEntryId" value="994869"><input type="hidden" name="productId" value="994868"><input type="hidden" name="URL" value="http://www.sainsburys.co.uk/webapp/wcs/stores/servlet/CategoryDisplay?msg=&amp;langId=44&amp;storeId=10151&amp;krypto=ujINEMC73wkOWgnVB3i%2FXbBlS4XLFqFhWlJSKIBpyzpzLJDvcPlAmwDvvVWWhKyxD3D6NpcqxM0QUs2KeJdWNDHcWUBBtNR5EpcJ3VFxBINczymq2ORmzlPfYrRAVF7okPLz8b%2B5BeKcs52Zf52%2B8Hs7hZdGFepiFVWzGQtL5Dk%3D&amp;ddkey=http%3Agb%2Fgroceries%2Fdrinks%2Fpre-mixed-cans"><input type="hidden" name="page" value=""><input type="hidden" name="contractId" value=""><input type="hidden" name="calculateOrder" value="1"><input type="hidden" name="calculationUsage" value="-1,-2,-3"><input type="hidden" name="updateable" value="1"><input type="hidden" name="merge" value="***"><input type="hidden" name="callAjax" value="false"><input class="button process" type="submit" name="Add" value="Add">
</form>
	<!-- END AddToTrolley.jsp -->
        <div class="numberInTrolley hidden numberInTrolley_994868" id="numberInTrolley_994868">
            
        </div>
    
                                        </div>

                                        <!-- BEGIN CatalogEntryRatingsReviewsInfo.jspf --><!-- productAllowedRatingsAndReviews: true -->
    <div class="reviews">
        
	        <a class="numberOfReviews repressive" href="http://reviews.sainsburys.co.uk//8076-en_gb/7783852-P/writereview.htm?submissionurl=http%3A%2F%2Fwww.sainsburys.co.uk%2Fwebapp%2Fwcs%2Fstores%2Fservlet%2FBVReviewSubmitDisplay%3FcatalogId%3D10199%26storeId%3D10151%26recipe%3D%26langId%3D44%26productId%3D7783852-P&amp;return=http%3A%2F%2Fwww.sainsburys.co.uk%2Fwebapp%2Fwcs%2Fstores%2Fservlet%2FCategoryDisplay%3FpageSize%3D100">
	    Write a review
          	</a>
        
    </div>
<!-- END CatalogEntryRatingsReviewsInfo.jspf -->
                                   </div>
                               <!-- Start AddToSubscriptionList.jspf --><!-- Start AddToSubscriptionList.jsp --><!-- End AddToSubscriptionList.jsp --><!-- End AddToSubscriptionList.jspf -->     
                    </div>
                            
                    
    
    <div class="badges">
        <ul>
<li>

                        
                        
                        <img src="/wcsstore7.20.1.145/SainsburysStorefrontAssetStore/wcassets/icons/ico_spacer.gif" alt="Vegetarian">
</li>
                
                    
                    
                    
                     <li class="lastchild">

                        
                        
                        <img src="/wcsstore7.20.1.145/SainsburysStorefrontAssetStore/wcassets/icons/ico_spacer.gif" alt="Vegan">
</li>
                
        </ul>
</div>

                </div>     
            </div>
            <!--ThumbnailRestriction --><!-- END CatalogEntryThumbnailDisplay.jsp -->
	                            </div>
</li>
	                         

	                            <li class="gridItem" style="min-height: 477px;">
	                                <!-- BEGIN CatalogEntryThumbnailDisplay.jsp --><!-- BEGIN MerchandisingAssociationsDisplay.jsp --><!-- Start - JSP File Name:  MerchandisingAssociationsDisplay.jsp --><!-- END MerchandisingAssociationsDisplay.jsp -->
            <div class="product ">
                
                <div class="productInfo">
                    <div class="productNameAndPromotions">
                        
                                  <h3>
                                    <a href="http://www.sainsburys.co.uk/shop/gb/groceries/pre-mixed-cans/sainsburys-vodka-lime---soda-250ml">
                                        Sainsbury's Vodka Lime &amp; Soda 250ml
                                        <img src="http://c2.sainsburys.co.uk/wcsstore7.20.1.145/ExtendedSitesCatalogAssetStore/images/catalog/productImages/40/0000001784640/0000001784640_L.jpeg" alt=""></a>
                                </h3>
                              
                    </div> 
                </div>
                
                <div class="errorBanner hidden" id="error100033"></div>
                <div class="addToTrolleytabBox">   
                    <!--addToTrolleytabBox GRID VIEW --><!-- Start UserSubscribedOrNot.jspf --><!-- Start UserSubscribedOrNot.jsp --><!-- 
			If the user is not logged in, render this opening 
			DIV adding an addtional class to fix the border top which is removed 
			and replaced by the tabs
		-->
		<div class="addToTrolleytabContainer addItemBorderTop">
	<!-- End AddToSubscriptionList.jsp --><!-- End AddSubscriptionList.jspf --><!-- 
                    ATTENTION!!!
                    <div class="addToTrolleytabContainer">
                    This opening div is inside "../../ReusableObjects/UserSubscribedOrNot.jsp"
                    -->
                    <div class="pricingAndTrolleyOptions">
                    	
                                    <div class="priceTab priceTabContainer activeContainer addItem" id="addItem_100033">
                                       <div class="pricing">
                                           
	<p class="pricePerUnit">
    Â£1.50<abbr title="per">/</abbr><abbr title="unit"><span class="pricePerUnitUnit">unit</span></abbr>
</p>
 
    <p class="pricePerMeasure">Â£6.00<abbr title="per">/</abbr><abbr title="litres"><span class="pricePerMeasureMeasure">ltr</span></abbr>
    </p>

                                       </div>                                      

                                     
                                        <div class="addToTrolleyForm "> 
                                           <!-- BEGIN AddToTrolley.jsp -->

		<form class="addToTrolleyForm" name="OrderItemAddForm_100033" action="OrderItemAdd" method="post" id="OrderItemAddForm_100033">
		    <input type="hidden" name="storeId" value="10151"><input type="hidden" name="langId" value="44"><input type="hidden" name="catalogId" value="10241"><input type="hidden" name="errorViewName" value="CategoryDisplayView"><input type="hidden" name="SKU_ID" value="7472004"><input type="hidden" name="itemType" value=""><label class="access" for="quantity_100032">Quantity</label>
		        
					<input name="quantity" id="quantity_100032" type="text" size="3" value="1" class="quantity"><input type="hidden" name="catEntryId" value="100033"><input type="hidden" name="productId" value="100032"><input type="hidden" name="URL" value="http://www.sainsburys.co.uk/webapp/wcs/stores/servlet/CategoryDisplay?msg=&amp;langId=44&amp;storeId=10151&amp;krypto=ujINEMC73wkOWgnVB3i%2FXbBlS4XLFqFhWlJSKIBpyzpzLJDvcPlAmwDvvVWWhKyxD3D6NpcqxM0QUs2KeJdWNDHcWUBBtNR5EpcJ3VFxBINczymq2ORmzlPfYrRAVF7okPLz8b%2B5BeKcs52Zf52%2B8Hs7hZdGFepiFVWzGQtL5Dk%3D&amp;ddkey=http%3Agb%2Fgroceries%2Fdrinks%2Fpre-mixed-cans"><input type="hidden" name="page" value=""><input type="hidden" name="contractId" value=""><input type="hidden" name="calculateOrder" value="1"><input type="hidden" name="calculationUsage" value="-1,-2,-3"><input type="hidden" name="updateable" value="1"><input type="hidden" name="merge" value="***"><input type="hidden" name="callAjax" value="false"><input class="button process" type="submit" name="Add" value="Add">
</form>
	<!-- END AddToTrolley.jsp -->
        <div class="numberInTrolley hidden numberInTrolley_100032" id="numberInTrolley_100032">
            
        </div>
    
                                        </div>

                                        <!-- BEGIN CatalogEntryRatingsReviewsInfo.jspf --><!-- productAllowedRatingsAndReviews: true -->
    <div class="reviews">
        
	        <a class="numberOfReviews repressive" href="http://reviews.sainsburys.co.uk//8076-en_gb/7472004-P/writereview.htm?submissionurl=http%3A%2F%2Fwww.sainsburys.co.uk%2Fwebapp%2Fwcs%2Fstores%2Fservlet%2FBVReviewSubmitDisplay%3FcatalogId%3D10199%26storeId%3D10151%26recipe%3D%26langId%3D44%26productId%3D7472004-P&amp;return=http%3A%2F%2Fwww.sainsburys.co.uk%2Fwebapp%2Fwcs%2Fstores%2Fservlet%2FCategoryDisplay%3FpageSize%3D100">
	    Write a review
          	</a>
        
    </div>
<!-- END CatalogEntryRatingsReviewsInfo.jspf -->
                                   </div>
                               <!-- Start AddToSubscriptionList.jspf --><!-- Start AddToSubscriptionList.jsp --><!-- End AddToSubscriptionList.jsp --><!-- End AddToSubscriptionList.jspf -->     
                    </div>
                            
                    
    
    <div class="badges">
        <ul>
<li>

                        
                        
                        <img src="/wcsstore7.20.1.145/SainsburysStorefrontAssetStore/wcassets/icons/ico_spacer.gif" alt="Vegetarian">
</li>
                
                    
                    
                    
                     <li class="lastchild">

                        
                        
                        <img src="/wcsstore7.20.1.145/SainsburysStorefrontAssetStore/wcassets/icons/ico_spacer.gif" alt="Vegan">
</li>
                
        </ul>
</div>

                </div>     
            </div>
            <!--ThumbnailRestriction --><!-- END CatalogEntryThumbnailDisplay.jsp -->
	                            </div>
</li>
	                         

	                            <li class="gridItem" style="min-height: 406px;">
	                                <!-- BEGIN CatalogEntryThumbnailDisplay.jsp --><!-- BEGIN MerchandisingAssociationsDisplay.jsp --><!-- Start - JSP File Name:  MerchandisingAssociationsDisplay.jsp --><!-- END MerchandisingAssociationsDisplay.jsp -->
            <div class="product ">
                
                <div class="productInfo">
                    <div class="productNameAndPromotions">
                        
                                  <h3>
                                    <a href="http://www.sainsburys.co.uk/shop/gb/groceries/pre-mixed-cans/archers---lemonade-250ml">
                                        Archers &amp; Lemonade 250ml
                                        <img src="http://c2.sainsburys.co.uk/wcsstore7.20.1.145/ExtendedSitesCatalogAssetStore/images/catalog/productImages/92/5010103932592/5010103932592_L.jpeg" alt=""></a>
                                </h3>
                              
                    </div> 
                </div>
                
                <div class="errorBanner hidden" id="error581859"></div>
                <div class="addToTrolleytabBox">   
                    <!--addToTrolleytabBox GRID VIEW --><!-- Start UserSubscribedOrNot.jspf --><!-- Start UserSubscribedOrNot.jsp --><!-- 
			If the user is not logged in, render this opening 
			DIV adding an addtional class to fix the border top which is removed 
			and replaced by the tabs
		-->
		<div class="addToTrolleytabContainer addItemBorderTop">
	<!-- End AddToSubscriptionList.jsp --><!-- End AddSubscriptionList.jspf --><!-- 
                    ATTENTION!!!
                    <div class="addToTrolleytabContainer">
                    This opening div is inside "../../ReusableObjects/UserSubscribedOrNot.jsp"
                    -->
                    <div class="pricingAndTrolleyOptions">
                    	
                                    <div class="priceTab priceTabContainer activeContainer addItem" id="addItem_581859">
                                       <div class="pricing">
                                           
	<p class="pricePerUnit">
    Â£1.80<abbr title="per">/</abbr><abbr title="unit"><span class="pricePerUnitUnit">unit</span></abbr>
</p>
 
    <p class="pricePerMeasure">Â£7.20<abbr title="per">/</abbr><abbr title="litres"><span class="pricePerMeasureMeasure">ltr</span></abbr>
    </p>

                                       </div>                                      

                                     
                                        <div class="addToTrolleyForm "> 
                                           <!-- BEGIN AddToTrolley.jsp -->

		<form class="addToTrolleyForm" name="OrderItemAddForm_581859" action="OrderItemAdd" method="post" id="OrderItemAddForm_581859">
		    <input type="hidden" name="storeId" value="10151"><input type="hidden" name="langId" value="44"><input type="hidden" name="catalogId" value="10241"><input type="hidden" name="errorViewName" value="CategoryDisplayView"><input type="hidden" name="SKU_ID" value="7564269"><input type="hidden" name="itemType" value=""><label class="access" for="quantity_581858">Quantity</label>
		        
					<input name="quantity" id="quantity_581858" type="text" size="3" value="1" class="quantity"><input type="hidden" name="catEntryId" value="581859"><input type="hidden" name="productId" value="581858"><input type="hidden" name="URL" value="http://www.sainsburys.co.uk/webapp/wcs/stores/servlet/CategoryDisplay?msg=&amp;langId=44&amp;storeId=10151&amp;krypto=ujINEMC73wkOWgnVB3i%2FXbBlS4XLFqFhWlJSKIBpyzpzLJDvcPlAmwDvvVWWhKyxD3D6NpcqxM0QUs2KeJdWNDHcWUBBtNR5EpcJ3VFxBINczymq2ORmzlPfYrRAVF7okPLz8b%2B5BeKcs52Zf52%2B8Hs7hZdGFepiFVWzGQtL5Dk%3D&amp;ddkey=http%3Agb%2Fgroceries%2Fdrinks%2Fpre-mixed-cans"><input type="hidden" name="page" value=""><input type="hidden" name="contractId" value=""><input type="hidden" name="calculateOrder" value="1"><input type="hidden" name="calculationUsage" value="-1,-2,-3"><input type="hidden" name="updateable" value="1"><input type="hidden" name="merge" value="***"><input type="hidden" name="callAjax" value="false"><input class="button process" type="submit" name="Add" value="Add">
</form>
	<!-- END AddToTrolley.jsp -->
        <div class="numberInTrolley hidden numberInTrolley_581858" id="numberInTrolley_581858">
            
        </div>
    
                                        </div>

                                        <!-- BEGIN CatalogEntryRatingsReviewsInfo.jspf --><!-- productAllowedRatingsAndReviews: true -->
    <div class="reviews">
        
	        <a class="numberOfReviews repressive" href="http://reviews.sainsburys.co.uk//8076-en_gb/7564269-P/writereview.htm?submissionurl=http%3A%2F%2Fwww.sainsburys.co.uk%2Fwebapp%2Fwcs%2Fstores%2Fservlet%2FBVReviewSubmitDisplay%3FcatalogId%3D10199%26storeId%3D10151%26recipe%3D%26langId%3D44%26productId%3D7564269-P&amp;return=http%3A%2F%2Fwww.sainsburys.co.uk%2Fwebapp%2Fwcs%2Fstores%2Fservlet%2FCategoryDisplay%3FpageSize%3D100">
	    Write a review
          	</a>
        
    </div>
<!-- END CatalogEntryRatingsReviewsInfo.jspf -->
                                   </div>
                               <!-- Start AddToSubscriptionList.jspf --><!-- Start AddToSubscriptionList.jsp --><!-- End AddToSubscriptionList.jsp --><!-- End AddToSubscriptionList.jspf -->     
                    </div>
                            
                    
                </div>     
            </div>
            <!--ThumbnailRestriction --><!-- END CatalogEntryThumbnailDisplay.jsp -->
	                            </div>
</li>
	                         

	                            <li class="gridItem" style="min-height: 406px;">
	                                <!-- BEGIN CatalogEntryThumbnailDisplay.jsp --><!-- BEGIN MerchandisingAssociationsDisplay.jsp --><!-- Start - JSP File Name:  MerchandisingAssociationsDisplay.jsp --><!-- END MerchandisingAssociationsDisplay.jsp -->
            <div class="product ">
                
                <div class="productInfo">
                    <div class="productNameAndPromotions">
                        
                                  <h3>
                                    <a href="http://www.sainsburys.co.uk/shop/gb/groceries/pre-mixed-cans/archers-woo-woo-250ml">
                                        Archers Woo Woo 250ml
                                        <img src="http://c2.sainsburys.co.uk/wcsstore7.20.1.145/ExtendedSitesCatalogAssetStore/images/catalog/productImages/64/5010103997164/5010103997164_L.jpeg" alt=""></a>
                                </h3>
                              
                    </div> 
                </div>
                
                <div class="errorBanner hidden" id="error584559"></div>
                <div class="addToTrolleytabBox">   
                    <!--addToTrolleytabBox GRID VIEW --><!-- Start UserSubscribedOrNot.jspf --><!-- Start UserSubscribedOrNot.jsp --><!-- 
			If the user is not logged in, render this opening 
			DIV adding an addtional class to fix the border top which is removed 
			and replaced by the tabs
		-->
		<div class="addToTrolleytabContainer addItemBorderTop">
	<!-- End AddToSubscriptionList.jsp --><!-- End AddSubscriptionList.jspf --><!-- 
                    ATTENTION!!!
                    <div class="addToTrolleytabContainer">
                    This opening div is inside "../../ReusableObjects/UserSubscribedOrNot.jsp"
                    -->
                    <div class="pricingAndTrolleyOptions">
                    	
                                    <div class="priceTab priceTabContainer activeContainer addItem" id="addItem_584559">
                                       <div class="pricing">
                                           
	<p class="pricePerUnit">
    Â£1.80<abbr title="per">/</abbr><abbr title="unit"><span class="pricePerUnitUnit">unit</span></abbr>
</p>
 
    <p class="pricePerMeasure">Â£7.20<abbr title="per">/</abbr><abbr title="litres"><span class="pricePerMeasureMeasure">ltr</span></abbr>
    </p>

                                       </div>                                      

                                     
                                        <div class="addToTrolleyForm "> 
                                           <!-- BEGIN AddToTrolley.jsp -->

		<form class="addToTrolleyForm" name="OrderItemAddForm_584559" action="OrderItemAdd" method="post" id="OrderItemAddForm_584559">
		    <input type="hidden" name="storeId" value="10151"><input type="hidden" name="langId" value="44"><input type="hidden" name="catalogId" value="10241"><input type="hidden" name="errorViewName" value="CategoryDisplayView"><input type="hidden" name="SKU_ID" value="7683295"><input type="hidden" name="itemType" value=""><label class="access" for="quantity_584558">Quantity</label>
		        
					<input name="quantity" id="quantity_584558" type="text" size="3" value="1" class="quantity"><input type="hidden" name="catEntryId" value="584559"><input type="hidden" name="productId" value="584558"><input type="hidden" name="URL" value="http://www.sainsburys.co.uk/webapp/wcs/stores/servlet/CategoryDisplay?msg=&amp;langId=44&amp;storeId=10151&amp;krypto=ujINEMC73wkOWgnVB3i%2FXbBlS4XLFqFhWlJSKIBpyzpzLJDvcPlAmwDvvVWWhKyxD3D6NpcqxM0QUs2KeJdWNDHcWUBBtNR5EpcJ3VFxBINczymq2ORmzlPfYrRAVF7okPLz8b%2B5BeKcs52Zf52%2B8Hs7hZdGFepiFVWzGQtL5Dk%3D&amp;ddkey=http%3Agb%2Fgroceries%2Fdrinks%2Fpre-mixed-cans"><input type="hidden" name="page" value=""><input type="hidden" name="contractId" value=""><input type="hidden" name="calculateOrder" value="1"><input type="hidden" name="calculationUsage" value="-1,-2,-3"><input type="hidden" name="updateable" value="1"><input type="hidden" name="merge" value="***"><input type="hidden" name="callAjax" value="false"><input class="button process" type="submit" name="Add" value="Add">
</form>
	<!-- END AddToTrolley.jsp -->
        <div class="numberInTrolley hidden numberInTrolley_584558" id="numberInTrolley_584558">
            
        </div>
    
                                        </div>

                                        <!-- BEGIN CatalogEntryRatingsReviewsInfo.jspf --><!-- productAllowedRatingsAndReviews: true -->
    <div class="reviews">
        
            <a class="numberOfReviews" href="http://www.sainsburys.co.uk/shop/gb/groceries/pre-mixed-cans/archers-woo-woo-250ml#reviews">
                <img src="http://c2.sainsburys.co.uk/wcsstore7.20.1.145/SainsburysStorefrontAssetStore/img/stars/rating-3_0.gif" alt="3.0" border="0">Â  
                Reviews (1)
            </a>
        
    </div>
<!-- END CatalogEntryRatingsReviewsInfo.jspf -->
                                   </div>
                               <!-- Start AddToSubscriptionList.jspf --><!-- Start AddToSubscriptionList.jsp --><!-- End AddToSubscriptionList.jsp --><!-- End AddToSubscriptionList.jspf -->     
                    </div>
                            
                    
                </div>     
            </div>
            <!--ThumbnailRestriction --><!-- END CatalogEntryThumbnailDisplay.jsp -->
	                            </div>
</li>
	                         

	                            <li class="gridItem" style="min-height: 406px;">
	                                <!-- BEGIN CatalogEntryThumbnailDisplay.jsp --><!-- BEGIN MerchandisingAssociationsDisplay.jsp --><!-- Start - JSP File Name:  MerchandisingAssociationsDisplay.jsp --><!-- END MerchandisingAssociationsDisplay.jsp -->
            <div class="product ">
                
                <div class="productInfo">
                    <div class="productNameAndPromotions">
                        
                                  <h3>
                                    <a href="http://www.sainsburys.co.uk/shop/gb/groceries/pre-mixed-cans/bacardi-cuba-libre-330ml">
                                        Bacardi Cuba Libre 330ml
                                        <img src="http://c2.sainsburys.co.uk/wcsstore7.20.1.145/ExtendedSitesCatalogAssetStore/images/catalog/productImages/72/5010677900072/5010677900072_L.jpeg" alt=""></a>
                                </h3>
                              
                    </div> 
                </div>
                
                <div class="errorBanner hidden" id="error1033769"></div>
                <div class="addToTrolleytabBox">   
                    <!--addToTrolleytabBox GRID VIEW --><!-- Start UserSubscribedOrNot.jspf --><!-- Start UserSubscribedOrNot.jsp --><!-- 
			If the user is not logged in, render this opening 
			DIV adding an addtional class to fix the border top which is removed 
			and replaced by the tabs
		-->
		<div class="addToTrolleytabContainer addItemBorderTop">
	<!-- End AddToSubscriptionList.jsp --><!-- End AddSubscriptionList.jspf --><!-- 
                    ATTENTION!!!
                    <div class="addToTrolleytabContainer">
                    This opening div is inside "../../ReusableObjects/UserSubscribedOrNot.jsp"
                    -->
                    <div class="pricingAndTrolleyOptions">
                    	
                                    <div class="priceTab priceTabContainer activeContainer addItem" id="addItem_1033769">
                                       <div class="pricing">
                                           
	<p class="pricePerUnit">
    Â£2.00<abbr title="per">/</abbr><abbr title="unit"><span class="pricePerUnitUnit">unit</span></abbr>
</p>
 
    <p class="pricePerMeasure">Â£6.06<abbr title="per">/</abbr><abbr title="litres"><span class="pricePerMeasureMeasure">ltr</span></abbr>
    </p>

                                       </div>                                      

                                     
                                        <div class="addToTrolleyForm "> 
                                           <!-- BEGIN AddToTrolley.jsp -->

		<form class="addToTrolleyForm" name="OrderItemAddForm_1033769" action="OrderItemAdd" method="post" id="OrderItemAddForm_1033769">
		    <input type="hidden" name="storeId" value="10151"><input type="hidden" name="langId" value="44"><input type="hidden" name="catalogId" value="10241"><input type="hidden" name="errorViewName" value="CategoryDisplayView"><input type="hidden" name="SKU_ID" value="7803468"><input type="hidden" name="itemType" value=""><label class="access" for="quantity_1033768">Quantity</label>
		        
					<input name="quantity" id="quantity_1033768" type="text" size="3" value="1" class="quantity"><input type="hidden" name="catEntryId" value="1033769"><input type="hidden" name="productId" value="1033768"><input type="hidden" name="URL" value="http://www.sainsburys.co.uk/webapp/wcs/stores/servlet/CategoryDisplay?msg=&amp;langId=44&amp;storeId=10151&amp;krypto=ujINEMC73wkOWgnVB3i%2FXbBlS4XLFqFhWlJSKIBpyzpzLJDvcPlAmwDvvVWWhKyxD3D6NpcqxM0QUs2KeJdWNDHcWUBBtNR5EpcJ3VFxBINczymq2ORmzlPfYrRAVF7okPLz8b%2B5BeKcs52Zf52%2B8Hs7hZdGFepiFVWzGQtL5Dk%3D&amp;ddkey=http%3Agb%2Fgroceries%2Fdrinks%2Fpre-mixed-cans"><input type="hidden" name="page" value=""><input type="hidden" name="contractId" value=""><input type="hidden" name="calculateOrder" value="1"><input type="hidden" name="calculationUsage" value="-1,-2,-3"><input type="hidden" name="updateable" value="1"><input type="hidden" name="merge" value="***"><input type="hidden" name="callAjax" value="false"><input class="button process" type="submit" name="Add" value="Add">
</form>
	<!-- END AddToTrolley.jsp -->
        <div class="numberInTrolley hidden numberInTrolley_1033768" id="numberInTrolley_1033768">
            
        </div>
    
                                        </div>

                                        <!-- BEGIN CatalogEntryRatingsReviewsInfo.jspf --><!-- productAllowedRatingsAndReviews: true -->
    <div class="reviews">
        
	        <a class="numberOfReviews repressive" href="http://reviews.sainsburys.co.uk//8076-en_gb/7803468-P/writereview.htm?submissionurl=http%3A%2F%2Fwww.sainsburys.co.uk%2Fwebapp%2Fwcs%2Fstores%2Fservlet%2FBVReviewSubmitDisplay%3FcatalogId%3D10199%26storeId%3D10151%26recipe%3D%26langId%3D44%26productId%3D7803468-P&amp;return=http%3A%2F%2Fwww.sainsburys.co.uk%2Fwebapp%2Fwcs%2Fstores%2Fservlet%2FCategoryDisplay%3FpageSize%3D100">
	    Write a review
          	</a>
        
    </div>
<!-- END CatalogEntryRatingsReviewsInfo.jspf -->
                                   </div>
                               <!-- Start AddToSubscriptionList.jspf --><!-- Start AddToSubscriptionList.jsp --><!-- End AddToSubscriptionList.jsp --><!-- End AddToSubscriptionList.jspf -->     
                    </div>
                            
                    
                </div>     
            </div>
            <!--ThumbnailRestriction --><!-- END CatalogEntryThumbnailDisplay.jsp -->
	                            </div>
</li>
	                         

	                            <li class="gridItem" style="min-height: 406px;">
	                                <!-- BEGIN CatalogEntryThumbnailDisplay.jsp --><!-- BEGIN MerchandisingAssociationsDisplay.jsp --><!-- Start - JSP File Name:  MerchandisingAssociationsDisplay.jsp --><!-- END MerchandisingAssociationsDisplay.jsp -->
            <div class="product ">
                
                <div class="productInfo">
                    <div class="productNameAndPromotions">
                        
                                  <h3>
                                    <a href="http://www.sainsburys.co.uk/shop/gb/groceries/pre-mixed-cans/bloom---fentimans-gin---tonic-275ml">
                                        Bloom &amp; Fentimans Gin &amp; Tonic 275ml
                                        <img src="http://c2.sainsburys.co.uk/wcsstore7.20.1.145/ExtendedSitesCatalogAssetStore/images/catalog/productImages/03/5029396738903/5029396738903_L.jpeg" alt=""></a>
                                </h3>
                              
                    </div> 
                </div>
                
                <div class="errorBanner hidden" id="error107359"></div>
                <div class="addToTrolleytabBox">   
                    <!--addToTrolleytabBox GRID VIEW --><!-- Start UserSubscribedOrNot.jspf --><!-- Start UserSubscribedOrNot.jsp --><!-- 
			If the user is not logged in, render this opening 
			DIV adding an addtional class to fix the border top which is removed 
			and replaced by the tabs
		-->
		<div class="addToTrolleytabContainer addItemBorderTop">
	<!-- End AddToSubscriptionList.jsp --><!-- End AddSubscriptionList.jspf --><!-- 
                    ATTENTION!!!
                    <div class="addToTrolleytabContainer">
                    This opening div is inside "../../ReusableObjects/UserSubscribedOrNot.jsp"
                    -->
                    <div class="pricingAndTrolleyOptions">
                    	
                                    <div class="priceTab priceTabContainer activeContainer addItem" id="addItem_107359">
                                       <div class="pricing">
                                           
	<p class="pricePerUnit">
    Â£3.00<abbr title="per">/</abbr><abbr title="unit"><span class="pricePerUnitUnit">unit</span></abbr>
</p>
 
    <p class="pricePerMeasure">Â£10.91<abbr title="per">/</abbr><abbr title="litres"><span class="pricePerMeasureMeasure">ltr</span></abbr>
    </p>

                                       </div>                                      

                                     
                                        <div class="addToTrolleyForm "> 
                                           <!-- BEGIN AddToTrolley.jsp -->

		<form class="addToTrolleyForm" name="OrderItemAddForm_107359" action="OrderItemAdd" method="post" id="OrderItemAddForm_107359">
		    <input type="hidden" name="storeId" value="10151"><input type="hidden" name="langId" value="44"><input type="hidden" name="catalogId" value="10241"><input type="hidden" name="errorViewName" value="CategoryDisplayView"><input type="hidden" name="SKU_ID" value="7596872"><input type="hidden" name="itemType" value=""><label class="access" for="quantity_107358">Quantity</label>
		        
					<input name="quantity" id="quantity_107358" type="text" size="3" value="1" class="quantity"><input type="hidden" name="catEntryId" value="107359"><input type="hidden" name="productId" value="107358"><input type="hidden" name="URL" value="http://www.sainsburys.co.uk/webapp/wcs/stores/servlet/CategoryDisplay?msg=&amp;langId=44&amp;storeId=10151&amp;krypto=ujINEMC73wkOWgnVB3i%2FXbBlS4XLFqFhWlJSKIBpyzpzLJDvcPlAmwDvvVWWhKyxD3D6NpcqxM0QUs2KeJdWNDHcWUBBtNR5EpcJ3VFxBINczymq2ORmzlPfYrRAVF7okPLz8b%2B5BeKcs52Zf52%2B8Hs7hZdGFepiFVWzGQtL5Dk%3D&amp;ddkey=http%3Agb%2Fgroceries%2Fdrinks%2Fpre-mixed-cans"><input type="hidden" name="page" value=""><input type="hidden" name="contractId" value=""><input type="hidden" name="calculateOrder" value="1"><input type="hidden" name="calculationUsage" value="-1,-2,-3"><input type="hidden" name="updateable" value="1"><input type="hidden" name="merge" value="***"><input type="hidden" name="callAjax" value="false"><input class="button process" type="submit" name="Add" value="Add">
</form>
	<!-- END AddToTrolley.jsp -->
        <div class="numberInTrolley hidden numberInTrolley_107358" id="numberInTrolley_107358">
            
        </div>
    
                                        </div>

                                        <!-- BEGIN CatalogEntryRatingsReviewsInfo.jspf --><!-- productAllowedRatingsAndReviews: true -->
    <div class="reviews">
        
	        <a class="numberOfReviews repressive" href="http://reviews.sainsburys.co.uk//8076-en_gb/7596872-P/writereview.htm?submissionurl=http%3A%2F%2Fwww.sainsburys.co.uk%2Fwebapp%2Fwcs%2Fstores%2Fservlet%2FBVReviewSubmitDisplay%3FcatalogId%3D10199%26storeId%3D10151%26recipe%3D%26langId%3D44%26productId%3D7596872-P&amp;return=http%3A%2F%2Fwww.sainsburys.co.uk%2Fwebapp%2Fwcs%2Fstores%2Fservlet%2FCategoryDisplay%3FpageSize%3D100">
	    Write a review
          	</a>
        
    </div>
<!-- END CatalogEntryRatingsReviewsInfo.jspf -->
                                   </div>
                               <!-- Start AddToSubscriptionList.jspf --><!-- Start AddToSubscriptionList.jsp --><!-- End AddToSubscriptionList.jsp --><!-- End AddToSubscriptionList.jspf -->     
                    </div>
                            
                    
                </div>     
            </div>
            <!--ThumbnailRestriction --><!-- END CatalogEntryThumbnailDisplay.jsp -->
	                            </div>
</li>
	                         

	                            <li class="gridItem" style="min-height: 406px;">
	                                <!-- BEGIN CatalogEntryThumbnailDisplay.jsp --><!-- BEGIN MerchandisingAssociationsDisplay.jsp --><!-- Start - JSP File Name:  MerchandisingAssociationsDisplay.jsp --><!-- END MerchandisingAssociationsDisplay.jsp -->
            <div class="product ">
                
                <div class="productInfo">
                    <div class="productNameAndPromotions">
                        
                                  <h3>
                                    <a href="http://www.sainsburys.co.uk/shop/gb/groceries/pre-mixed-cans/captain-morgan-white-mojito-250ml">
                                        Captain Morgan White Mojito 250ml
                                        <img src="http://c2.sainsburys.co.uk/wcsstore7.20.1.145/ExtendedSitesCatalogAssetStore/images/catalog/productImages/49/5000281044149/5000281044149_L.jpeg" alt=""></a>
                                </h3>
                              
                    </div> 
                </div>
                
                <div class="errorBanner hidden" id="error1035063"></div>
                <div class="addToTrolleytabBox">   
                    <!--addToTrolleytabBox GRID VIEW --><!-- Start UserSubscribedOrNot.jspf --><!-- Start UserSubscribedOrNot.jsp --><!-- 
			If the user is not logged in, render this opening 
			DIV adding an addtional class to fix the border top which is removed 
			and replaced by the tabs
		-->
		<div class="addToTrolleytabContainer addItemBorderTop">
	<!-- End AddToSubscriptionList.jsp --><!-- End AddSubscriptionList.jspf --><!-- 
                    ATTENTION!!!
                    <div class="addToTrolleytabContainer">
                    This opening div is inside "../../ReusableObjects/UserSubscribedOrNot.jsp"
                    -->
                    <div class="pricingAndTrolleyOptions">
                    	
                                    <div class="priceTab priceTabContainer activeContainer addItem" id="addItem_1035063">
                                       <div class="pricing">
                                           
	<p class="pricePerUnit">
    Â£2.00<abbr title="per">/</abbr><abbr title="unit"><span class="pricePerUnitUnit">unit</span></abbr>
</p>
 
    <p class="pricePerMeasure">Â£8.00<abbr title="per">/</abbr><abbr title="litres"><span class="pricePerMeasureMeasure">ltr</span></abbr>
    </p>

                                       </div>                                      

                                     
                                        <div class="addToTrolleyForm "> 
                                           <!-- BEGIN AddToTrolley.jsp -->

		<form class="addToTrolleyForm" name="OrderItemAddForm_1035063" action="OrderItemAdd" method="post" id="OrderItemAddForm_1035063">
		    <input type="hidden" name="storeId" value="10151"><input type="hidden" name="langId" value="44"><input type="hidden" name="catalogId" value="10241"><input type="hidden" name="errorViewName" value="CategoryDisplayView"><input type="hidden" name="SKU_ID" value="7804124"><input type="hidden" name="itemType" value=""><label class="access" for="quantity_1035062">Quantity</label>
		        
					<input name="quantity" id="quantity_1035062" type="text" size="3" value="1" class="quantity"><input type="hidden" name="catEntryId" value="1035063"><input type="hidden" name="productId" value="1035062"><input type="hidden" name="URL" value="http://www.sainsburys.co.uk/webapp/wcs/stores/servlet/CategoryDisplay?msg=&amp;langId=44&amp;storeId=10151&amp;krypto=ujINEMC73wkOWgnVB3i%2FXbBlS4XLFqFhWlJSKIBpyzpzLJDvcPlAmwDvvVWWhKyxD3D6NpcqxM0QUs2KeJdWNDHcWUBBtNR5EpcJ3VFxBINczymq2ORmzlPfYrRAVF7okPLz8b%2B5BeKcs52Zf52%2B8Hs7hZdGFepiFVWzGQtL5Dk%3D&amp;ddkey=http%3Agb%2Fgroceries%2Fdrinks%2Fpre-mixed-cans"><input type="hidden" name="page" value=""><input type="hidden" name="contractId" value=""><input type="hidden" name="calculateOrder" value="1"><input type="hidden" name="calculationUsage" value="-1,-2,-3"><input type="hidden" name="updateable" value="1"><input type="hidden" name="merge" value="***"><input type="hidden" name="callAjax" value="false"><input class="button process" type="submit" name="Add" value="Add">
</form>
	<!-- END AddToTrolley.jsp -->
        <div class="numberInTrolley hidden numberInTrolley_1035062" id="numberInTrolley_1035062">
            
        </div>
    
                                        </div>

                                        <!-- BEGIN CatalogEntryRatingsReviewsInfo.jspf --><!-- productAllowedRatingsAndReviews: true -->
    <div class="reviews">
        
            <a class="numberOfReviews" href="http://www.sainsburys.co.uk/shop/gb/groceries/pre-mixed-cans/captain-morgan-white-mojito-250ml#reviews">
                <img src="http://c2.sainsburys.co.uk/wcsstore7.20.1.145/SainsburysStorefrontAssetStore/img/stars/rating-3_0.gif" alt="3.0" border="0">Â  
                Reviews (2)
            </a>
        
    </div>
<!-- END CatalogEntryRatingsReviewsInfo.jspf -->
                                   </div>
                               <!-- Start AddToSubscriptionList.jspf --><!-- Start AddToSubscriptionList.jsp --><!-- End AddToSubscriptionList.jsp --><!-- End AddToSubscriptionList.jspf -->     
                    </div>
                            
                    
                </div>     
            </div>
            <!--ThumbnailRestriction --><!-- END CatalogEntryThumbnailDisplay.jsp -->
	                            </div>
</li>
	                         

	                            <li class="gridItem" style="min-height: 406px;">
	                                <!-- BEGIN CatalogEntryThumbnailDisplay.jsp --><!-- BEGIN MerchandisingAssociationsDisplay.jsp --><!-- Start - JSP File Name:  MerchandisingAssociationsDisplay.jsp --><!-- END MerchandisingAssociationsDisplay.jsp -->
            <div class="product ">
                
                <div class="productInfo">
                    <div class="productNameAndPromotions">
                        
                                  <h3>
                                    <a href="http://www.sainsburys.co.uk/shop/gb/groceries/pre-mixed-cans/captain-morgans-spiced---cola-250ml">
                                        Captain Morgan's Spiced &amp; Cola 250ml
                                        <img src="http://c2.sainsburys.co.uk/wcsstore7.20.1.145/ExtendedSitesCatalogAssetStore/images/catalog/productImages/45/5000281038445/5000281038445_L.jpeg" alt=""></a>
                                </h3>
                              
                    </div> 
                </div>
                
                <div class="errorBanner hidden" id="error95155"></div>
                <div class="addToTrolleytabBox">   
                    <!--addToTrolleytabBox GRID VIEW --><!-- Start UserSubscribedOrNot.jspf --><!-- Start UserSubscribedOrNot.jsp --><!-- 
			If the user is not logged in, render this opening 
			DIV adding an addtional class to fix the border top which is removed 
			and replaced by the tabs
		-->
		<div class="addToTrolleytabContainer addItemBorderTop">
	<!-- End AddToSubscriptionList.jsp --><!-- End AddSubscriptionList.jspf --><!-- 
                    ATTENTION!!!
                    <div class="addToTrolleytabContainer">
                    This opening div is inside "../../ReusableObjects/UserSubscribedOrNot.jsp"
                    -->
                    <div class="pricingAndTrolleyOptions">
                    	
                                    <div class="priceTab priceTabContainer activeContainer addItem" id="addItem_95155">
                                       <div class="pricing">
                                           
	<p class="pricePerUnit">
    Â£1.80<abbr title="per">/</abbr><abbr title="unit"><span class="pricePerUnitUnit">unit</span></abbr>
</p>
 
    <p class="pricePerMeasure">Â£7.20<abbr title="per">/</abbr><abbr title="litres"><span class="pricePerMeasureMeasure">ltr</span></abbr>
    </p>

                                       </div>                                      

                                     
                                        <div class="addToTrolleyForm "> 
                                           <!-- BEGIN AddToTrolley.jsp -->

		<form class="addToTrolleyForm" name="OrderItemAddForm_95155" action="OrderItemAdd" method="post" id="OrderItemAddForm_95155">
		    <input type="hidden" name="storeId" value="10151"><input type="hidden" name="langId" value="44"><input type="hidden" name="catalogId" value="10241"><input type="hidden" name="errorViewName" value="CategoryDisplayView"><input type="hidden" name="SKU_ID" value="7088292"><input type="hidden" name="itemType" value=""><label class="access" for="quantity_95154">Quantity</label>
		        
					<input name="quantity" id="quantity_95154" type="text" size="3" value="1" class="quantity"><input type="hidden" name="catEntryId" value="95155"><input type="hidden" name="productId" value="95154"><input type="hidden" name="URL" value="http://www.sainsburys.co.uk/webapp/wcs/stores/servlet/CategoryDisplay?msg=&amp;langId=44&amp;storeId=10151&amp;krypto=ujINEMC73wkOWgnVB3i%2FXbBlS4XLFqFhWlJSKIBpyzpzLJDvcPlAmwDvvVWWhKyxD3D6NpcqxM0QUs2KeJdWNDHcWUBBtNR5EpcJ3VFxBINczymq2ORmzlPfYrRAVF7okPLz8b%2B5BeKcs52Zf52%2B8Hs7hZdGFepiFVWzGQtL5Dk%3D&amp;ddkey=http%3Agb%2Fgroceries%2Fdrinks%2Fpre-mixed-cans"><input type="hidden" name="page" value=""><input type="hidden" name="contractId" value=""><input type="hidden" name="calculateOrder" value="1"><input type="hidden" name="calculationUsage" value="-1,-2,-3"><input type="hidden" name="updateable" value="1"><input type="hidden" name="merge" value="***"><input type="hidden" name="callAjax" value="false"><input class="button process" type="submit" name="Add" value="Add">
</form>
	<!-- END AddToTrolley.jsp -->
        <div class="numberInTrolley hidden numberInTrolley_95154" id="numberInTrolley_95154">
            
        </div>
    
                                        </div>

                                        <!-- BEGIN CatalogEntryRatingsReviewsInfo.jspf --><!-- productAllowedRatingsAndReviews: true -->
    <div class="reviews">
        
	        <a class="numberOfReviews repressive" href="http://reviews.sainsburys.co.uk//8076-en_gb/7088292-P/writereview.htm?submissionurl=http%3A%2F%2Fwww.sainsburys.co.uk%2Fwebapp%2Fwcs%2Fstores%2Fservlet%2FBVReviewSubmitDisplay%3FcatalogId%3D10199%26storeId%3D10151%26recipe%3D%26langId%3D44%26productId%3D7088292-P&amp;return=http%3A%2F%2Fwww.sainsburys.co.uk%2Fwebapp%2Fwcs%2Fstores%2Fservlet%2FCategoryDisplay%3FpageSize%3D100">
	    Write a review
          	</a>
        
    </div>
<!-- END CatalogEntryRatingsReviewsInfo.jspf -->
                                   </div>
                               <!-- Start AddToSubscriptionList.jspf --><!-- Start AddToSubscriptionList.jsp --><!-- End AddToSubscriptionList.jsp --><!-- End AddToSubscriptionList.jspf -->     
                    </div>
                            
                    
                </div>     
            </div>
            <!--ThumbnailRestriction --><!-- END CatalogEntryThumbnailDisplay.jsp -->
	                            </div>
</li>
	                         

	                            <li class="gridItem" style="min-height: 450px;">
	                                <!-- BEGIN CatalogEntryThumbnailDisplay.jsp --><!-- BEGIN MerchandisingAssociationsDisplay.jsp --><!-- Start - JSP File Name:  MerchandisingAssociationsDisplay.jsp --><!-- END MerchandisingAssociationsDisplay.jsp -->
            <div class="product  highlighted specialOffer straplineRow">
                
                <div class="productInfo">
                    <div class="productNameAndPromotions">
                        
                                  <h3>
                                    <a href="http://www.sainsburys.co.uk/shop/gb/groceries/pre-mixed-cans/gordons-gin---slimline-tonic-250ml">
                                        Gordon's Gin &amp; Slimline Tonic 250ml
                                        <img src="http://c2.sainsburys.co.uk/wcsstore7.20.1.145/ExtendedSitesCatalogAssetStore/images/catalog/productImages/90/5000289927390/5000289927390_L.jpeg" alt=""></a>
                                </h3>
                              
    <div class="promotion">
                   
		            <p><a href="http://www.sainsburys.co.uk/shop/PromotionDisplayView?catalogId=10199&amp;langId=44&amp;productId=93302&amp;storeId=10151&amp;promotionId=10232976"><!-- BEGIN include/PromotionStrapline.jspf -->Only Â£1.60: Save 20p<br><!-- FINISH include/PromotionStrapline.jspf --></a></p>
		                        
    </div>

                    </div> 
                </div>
                
        <div class="strapline"><a href="http://www.sainsburys.co.uk/shop/PromotionDisplayView?catalogId=10199&amp;langId=44&amp;productId=93302&amp;storeId=10151&amp;promotionId=10232976"><img src="/wcsstore7.20.1.145/SainsburysStorefrontAssetStore/wcassets/icons/special/img-special-offer.png" alt="Special Offer"></a></div>
    
                <div class="errorBanner hidden" id="error93303"></div>
                <div class="addToTrolleytabBox">   
                    <!--addToTrolleytabBox GRID VIEW --><!-- Start UserSubscribedOrNot.jspf --><!-- Start UserSubscribedOrNot.jsp --><!-- 
			If the user is not logged in, render this opening 
			DIV adding an addtional class to fix the border top which is removed 
			and replaced by the tabs
		-->
		<div class="addToTrolleytabContainer addItemBorderTop">
	<!-- End AddToSubscriptionList.jsp --><!-- End AddSubscriptionList.jspf --><!-- 
                    ATTENTION!!!
                    <div class="addToTrolleytabContainer">
                    This opening div is inside "../../ReusableObjects/UserSubscribedOrNot.jsp"
                    -->
                    <div class="pricingAndTrolleyOptions">
                    	
                                    <div class="priceTab priceTabContainer activeContainer addItem" id="addItem_93303">
                                       <div class="pricing">
                                           
	<p class="pricePerUnit">
    Â£1.60<abbr title="per">/</abbr><abbr title="unit"><span class="pricePerUnitUnit">unit</span></abbr>
</p>
 
    <p class="pricePerMeasure">Â£6.40<abbr title="per">/</abbr><abbr title="litres"><span class="pricePerMeasureMeasure">ltr</span></abbr>
    </p>

                                       </div>                                      

                                     
                                        <div class="addToTrolleyForm "> 
                                           <!-- BEGIN AddToTrolley.jsp -->

		<form class="addToTrolleyForm" name="OrderItemAddForm_93303" action="OrderItemAdd" method="post" id="OrderItemAddForm_93303">
		    <input type="hidden" name="storeId" value="10151"><input type="hidden" name="langId" value="44"><input type="hidden" name="catalogId" value="10241"><input type="hidden" name="errorViewName" value="CategoryDisplayView"><input type="hidden" name="SKU_ID" value="6806175"><input type="hidden" name="itemType" value=""><label class="access" for="quantity_93302">Quantity</label>
		        
					<input name="quantity" id="quantity_93302" type="text" size="3" value="1" class="quantity"><input type="hidden" name="catEntryId" value="93303"><input type="hidden" name="productId" value="93302"><input type="hidden" name="URL" value="http://www.sainsburys.co.uk/webapp/wcs/stores/servlet/CategoryDisplay?msg=&amp;langId=44&amp;storeId=10151&amp;krypto=ujINEMC73wkOWgnVB3i%2FXbBlS4XLFqFhWlJSKIBpyzpzLJDvcPlAmwDvvVWWhKyxD3D6NpcqxM0QUs2KeJdWNDHcWUBBtNR5EpcJ3VFxBINczymq2ORmzlPfYrRAVF7okPLz8b%2B5BeKcs52Zf52%2B8Hs7hZdGFepiFVWzGQtL5Dk%3D&amp;ddkey=http%3Agb%2Fgroceries%2Fdrinks%2Fpre-mixed-cans"><input type="hidden" name="page" value=""><input type="hidden" name="contractId" value=""><input type="hidden" name="calculateOrder" value="1"><input type="hidden" name="calculationUsage" value="-1,-2,-3"><input type="hidden" name="updateable" value="1"><input type="hidden" name="merge" value="***"><input type="hidden" name="callAjax" value="false"><input class="button process" type="submit" name="Add" value="Add">
</form>
	<!-- END AddToTrolley.jsp -->
        <div class="numberInTrolley hidden numberInTrolley_93302" id="numberInTrolley_93302">
            
        </div>
    
                                        </div>

                                        <!-- BEGIN CatalogEntryRatingsReviewsInfo.jspf --><!-- productAllowedRatingsAndReviews: true -->
    <div class="reviews">
        
            <a class="numberOfReviews" href="http://www.sainsburys.co.uk/shop/gb/groceries/pre-mixed-cans/gordons-gin---slimline-tonic-250ml#reviews">
                <img src="http://c2.sainsburys.co.uk/wcsstore7.20.1.145/SainsburysStorefrontAssetStore/img/stars/rating-2_0.gif" alt="2.0" border="0">Â  
                Reviews (1)
            </a>
        
    </div>
<!-- END CatalogEntryRatingsReviewsInfo.jspf -->
                                   </div>
                               <!-- Start AddToSubscriptionList.jspf --><!-- Start AddToSubscriptionList.jsp --><!-- End AddToSubscriptionList.jsp --><!-- End AddToSubscriptionList.jspf -->     
                    </div>
                            
                    
                </div>     
            </div>
            <!--ThumbnailRestriction --><!-- END CatalogEntryThumbnailDisplay.jsp -->
	                            </div>
</li>
	                         

	                            <li class="gridItem" style="min-height: 450px;">
	                                <!-- BEGIN CatalogEntryThumbnailDisplay.jsp --><!-- BEGIN MerchandisingAssociationsDisplay.jsp --><!-- Start - JSP File Name:  MerchandisingAssociationsDisplay.jsp --><!-- END MerchandisingAssociationsDisplay.jsp -->
            <div class="product  highlighted specialOffer straplineRow">
                
                <div class="productInfo">
                    <div class="productNameAndPromotions">
                        
                                  <h3>
                                    <a href="http://www.sainsburys.co.uk/shop/gb/groceries/pre-mixed-cans/gordons-gin---tonic-250ml">
                                        Gordon's Gin &amp; Tonic 250ml
                                        <img src="http://c2.sainsburys.co.uk/wcsstore7.20.1.145/ExtendedSitesCatalogAssetStore/images/catalog/productImages/76/5000289927376/5000289927376_L.jpeg" alt=""></a>
                                </h3>
                              
    <div class="promotion">
                   
		            <p><a href="http://www.sainsburys.co.uk/shop/PromotionDisplayView?catalogId=10199&amp;langId=44&amp;productId=96548&amp;storeId=10151&amp;promotionId=10232976"><!-- BEGIN include/PromotionStrapline.jspf -->Only Â£1.60: Save 20p<br><!-- FINISH include/PromotionStrapline.jspf --></a></p>
		                        
    </div>

                    </div> 
                </div>
                
        <div class="strapline"><a href="http://www.sainsburys.co.uk/shop/PromotionDisplayView?catalogId=10199&amp;langId=44&amp;productId=96548&amp;storeId=10151&amp;promotionId=10232976"><img src="/wcsstore7.20.1.145/SainsburysStorefrontAssetStore/wcassets/icons/special/img-special-offer.png" alt="Special Offer"></a></div>
    
                <div class="errorBanner hidden" id="error96549"></div>
                <div class="addToTrolleytabBox">   
                    <!--addToTrolleytabBox GRID VIEW --><!-- Start UserSubscribedOrNot.jspf --><!-- Start UserSubscribedOrNot.jsp --><!-- 
			If the user is not logged in, render this opening 
			DIV adding an addtional class to fix the border top which is removed 
			and replaced by the tabs
		-->
		<div class="addToTrolleytabContainer addItemBorderTop">
	<!-- End AddToSubscriptionList.jsp --><!-- End AddSubscriptionList.jspf --><!-- 
                    ATTENTION!!!
                    <div class="addToTrolleytabContainer">
                    This opening div is inside "../../ReusableObjects/UserSubscribedOrNot.jsp"
                    -->
                    <div class="pricingAndTrolleyOptions">
                    	
                                    <div class="priceTab priceTabContainer activeContainer addItem" id="addItem_96549">
                                       <div class="pricing">
                                           
	<p class="pricePerUnit">
    Â£1.60<abbr title="per">/</abbr><abbr title="unit"><span class="pricePerUnitUnit">unit</span></abbr>
</p>
 
    <p class="pricePerMeasure">Â£6.40<abbr title="per">/</abbr><abbr title="litres"><span class="pricePerMeasureMeasure">ltr</span></abbr>
    </p>

                                       </div>                                      

                                     
                                        <div class="addToTrolleyForm "> 
                                           <!-- BEGIN AddToTrolley.jsp -->

		<form class="addToTrolleyForm" name="OrderItemAddForm_96549" action="OrderItemAdd" method="post" id="OrderItemAddForm_96549">
		    <input type="hidden" name="storeId" value="10151"><input type="hidden" name="langId" value="44"><input type="hidden" name="catalogId" value="10241"><input type="hidden" name="errorViewName" value="CategoryDisplayView"><input type="hidden" name="SKU_ID" value="7230479"><input type="hidden" name="itemType" value=""><label class="access" for="quantity_96548">Quantity</label>
		        
					<input name="quantity" id="quantity_96548" type="text" size="3" value="1" class="quantity"><input type="hidden" name="catEntryId" value="96549"><input type="hidden" name="productId" value="96548"><input type="hidden" name="URL" value="http://www.sainsburys.co.uk/webapp/wcs/stores/servlet/CategoryDisplay?msg=&amp;langId=44&amp;storeId=10151&amp;krypto=ujINEMC73wkOWgnVB3i%2FXbBlS4XLFqFhWlJSKIBpyzpzLJDvcPlAmwDvvVWWhKyxD3D6NpcqxM0QUs2KeJdWNDHcWUBBtNR5EpcJ3VFxBINczymq2ORmzlPfYrRAVF7okPLz8b%2B5BeKcs52Zf52%2B8Hs7hZdGFepiFVWzGQtL5Dk%3D&amp;ddkey=http%3Agb%2Fgroceries%2Fdrinks%2Fpre-mixed-cans"><input type="hidden" name="page" value=""><input type="hidden" name="contractId" value=""><input type="hidden" name="calculateOrder" value="1"><input type="hidden" name="calculationUsage" value="-1,-2,-3"><input type="hidden" name="updateable" value="1"><input type="hidden" name="merge" value="***"><input type="hidden" name="callAjax" value="false"><input class="button process" type="submit" name="Add" value="Add">
</form>
	<!-- END AddToTrolley.jsp -->
        <div class="numberInTrolley hidden numberInTrolley_96548" id="numberInTrolley_96548">
            
        </div>
    
                                        </div>

                                        <!-- BEGIN CatalogEntryRatingsReviewsInfo.jspf --><!-- productAllowedRatingsAndReviews: true -->
    <div class="reviews">
        
	        <a class="numberOfReviews repressive" href="http://reviews.sainsburys.co.uk//8076-en_gb/7230479-P/writereview.htm?submissionurl=http%3A%2F%2Fwww.sainsburys.co.uk%2Fwebapp%2Fwcs%2Fstores%2Fservlet%2FBVReviewSubmitDisplay%3FcatalogId%3D10199%26storeId%3D10151%26recipe%3D%26langId%3D44%26productId%3D7230479-P&amp;return=http%3A%2F%2Fwww.sainsburys.co.uk%2Fwebapp%2Fwcs%2Fstores%2Fservlet%2FCategoryDisplay%3FpageSize%3D100">
	    Write a review
          	</a>
        
    </div>
<!-- END CatalogEntryRatingsReviewsInfo.jspf -->
                                   </div>
                               <!-- Start AddToSubscriptionList.jspf --><!-- Start AddToSubscriptionList.jsp --><!-- End AddToSubscriptionList.jsp --><!-- End AddToSubscriptionList.jspf -->     
                    </div>
                            
                    
                </div>     
            </div>
            <!--ThumbnailRestriction --><!-- END CatalogEntryThumbnailDisplay.jsp -->
	                            </div>
</li>
	                         

	                            <li class="gridItem" style="min-height: 450px;">
	                                <!-- BEGIN CatalogEntryThumbnailDisplay.jsp --><!-- BEGIN MerchandisingAssociationsDisplay.jsp --><!-- Start - JSP File Name:  MerchandisingAssociationsDisplay.jsp --><!-- END MerchandisingAssociationsDisplay.jsp -->
            <div class="product  highlighted specialOffer straplineRow">
                
                <div class="productInfo">
                    <div class="productNameAndPromotions">
                        
                                  <h3>
                                    <a href="http://www.sainsburys.co.uk/shop/gb/groceries/pre-mixed-cans/gordons-gin---tonic-frozen-sorbet-250ml">
                                        Gordon's Gin &amp; Tonic Frozen Sorbet 250ml
                                        <img src="http://c2.sainsburys.co.uk/wcsstore7.20.1.145/ExtendedSitesCatalogAssetStore/images/catalog/productImages/11/5000289928311/5000289928311_L.jpeg" alt=""></a>
                                </h3>
                              
    <div class="promotion">
                   
		            <p><a href="http://www.sainsburys.co.uk/shop/PromotionDisplayView?catalogId=10199&amp;langId=44&amp;productId=1037266&amp;storeId=10151&amp;promotionId=10232956"><!-- BEGIN include/PromotionStrapline.jspf -->Only Â£2.00: Save 50p<br><!-- FINISH include/PromotionStrapline.jspf --></a></p>
		                        
    </div>

                    </div> 
                </div>
                
        <div class="strapline"><a href="http://www.sainsburys.co.uk/shop/PromotionDisplayView?catalogId=10199&amp;langId=44&amp;productId=1037266&amp;storeId=10151&amp;promotionId=10232956"><img src="/wcsstore7.20.1.145/SainsburysStorefrontAssetStore/wcassets/icons/special/img-special-offer.png" alt="Special Offer"></a></div>
    
                <div class="errorBanner hidden" id="error1037267"></div>
                <div class="addToTrolleytabBox">   
                    <!--addToTrolleytabBox GRID VIEW --><!-- Start UserSubscribedOrNot.jspf --><!-- Start UserSubscribedOrNot.jsp --><!-- 
			If the user is not logged in, render this opening 
			DIV adding an addtional class to fix the border top which is removed 
			and replaced by the tabs
		-->
		<div class="addToTrolleytabContainer addItemBorderTop">
	<!-- End AddToSubscriptionList.jsp --><!-- End AddSubscriptionList.jspf --><!-- 
                    ATTENTION!!!
                    <div class="addToTrolleytabContainer">
                    This opening div is inside "../../ReusableObjects/UserSubscribedOrNot.jsp"
                    -->
                    <div class="pricingAndTrolleyOptions">
                    	
                                    <div class="priceTab priceTabContainer activeContainer addItem" id="addItem_1037267">
                                       <div class="pricing">
                                           
	<p class="pricePerUnit">
    Â£2.00<abbr title="per">/</abbr><abbr title="unit"><span class="pricePerUnitUnit">unit</span></abbr>
</p>
 
    <p class="pricePerMeasure">Â£8.00<abbr title="per">/</abbr><abbr title="litres"><span class="pricePerMeasureMeasure">ltr</span></abbr>
    </p>

                                       </div>                                      

                                     
                                        <div class="addToTrolleyForm "> 
                                           <!-- BEGIN AddToTrolley.jsp -->

		<form class="addToTrolleyForm" name="OrderItemAddForm_1037267" action="OrderItemAdd" method="post" id="OrderItemAddForm_1037267">
		    <input type="hidden" name="storeId" value="10151"><input type="hidden" name="langId" value="44"><input type="hidden" name="catalogId" value="10241"><input type="hidden" name="errorViewName" value="CategoryDisplayView"><input type="hidden" name="SKU_ID" value="7803541"><input type="hidden" name="itemType" value=""><label class="access" for="quantity_1037266">Quantity</label>
		        
					<input name="quantity" id="quantity_1037266" type="text" size="3" value="1" class="quantity"><input type="hidden" name="catEntryId" value="1037267"><input type="hidden" name="productId" value="1037266"><input type="hidden" name="URL" value="http://www.sainsburys.co.uk/webapp/wcs/stores/servlet/CategoryDisplay?msg=&amp;langId=44&amp;storeId=10151&amp;krypto=ujINEMC73wkOWgnVB3i%2FXbBlS4XLFqFhWlJSKIBpyzpzLJDvcPlAmwDvvVWWhKyxD3D6NpcqxM0QUs2KeJdWNDHcWUBBtNR5EpcJ3VFxBINczymq2ORmzlPfYrRAVF7okPLz8b%2B5BeKcs52Zf52%2B8Hs7hZdGFepiFVWzGQtL5Dk%3D&amp;ddkey=http%3Agb%2Fgroceries%2Fdrinks%2Fpre-mixed-cans"><input type="hidden" name="page" value=""><input type="hidden" name="contractId" value=""><input type="hidden" name="calculateOrder" value="1"><input type="hidden" name="calculationUsage" value="-1,-2,-3"><input type="hidden" name="updateable" value="1"><input type="hidden" name="merge" value="***"><input type="hidden" name="callAjax" value="false"><input class="button process" type="submit" name="Add" value="Add">
</form>
	<!-- END AddToTrolley.jsp -->
        <div class="numberInTrolley hidden numberInTrolley_1037266" id="numberInTrolley_1037266">
            
        </div>
    
                                        </div>

                                        <!-- BEGIN CatalogEntryRatingsReviewsInfo.jspf --><!-- productAllowedRatingsAndReviews: true -->
    <div class="reviews">
        
	        <a class="numberOfReviews repressive" href="http://reviews.sainsburys.co.uk//8076-en_gb/7803541-P/writereview.htm?submissionurl=http%3A%2F%2Fwww.sainsburys.co.uk%2Fwebapp%2Fwcs%2Fstores%2Fservlet%2FBVReviewSubmitDisplay%3FcatalogId%3D10199%26storeId%3D10151%26recipe%3D%26langId%3D44%26productId%3D7803541-P&amp;return=http%3A%2F%2Fwww.sainsburys.co.uk%2Fwebapp%2Fwcs%2Fstores%2Fservlet%2FCategoryDisplay%3FpageSize%3D100">
	    Write a review
          	</a>
        
    </div>
<!-- END CatalogEntryRatingsReviewsInfo.jspf -->
                                   </div>
                               <!-- Start AddToSubscriptionList.jspf --><!-- Start AddToSubscriptionList.jsp --><!-- End AddToSubscriptionList.jsp --><!-- End AddToSubscriptionList.jspf -->     
                    </div>
                            
                    
                </div>     
            </div>
            <!--ThumbnailRestriction --><!-- END CatalogEntryThumbnailDisplay.jsp -->
	                            </div>
</li>
	                         

	                            <li class="gridItem" style="min-height: 449px;">
	                                <!-- BEGIN CatalogEntryThumbnailDisplay.jsp --><!-- BEGIN MerchandisingAssociationsDisplay.jsp --><!-- Start - JSP File Name:  MerchandisingAssociationsDisplay.jsp --><!-- END MerchandisingAssociationsDisplay.jsp -->
            <div class="product  highlighted specialOffer straplineRow">
                
                <div class="productInfo">
                    <div class="productNameAndPromotions">
                        
                                  <h3>
                                    <a href="http://www.sainsburys.co.uk/shop/gb/groceries/pre-mixed-cans/gordons-gin---tonic-with-cucumber-250ml">
                                        Gordon's Gin &amp; Tonic with Cucumber 250ml
                                        <img src="http://c2.sainsburys.co.uk/wcsstore7.20.1.145/ExtendedSitesCatalogAssetStore/images/catalog/productImages/97/5000289927697/5000289927697_L.jpeg" alt=""></a>
                                </h3>
                              
    <div class="promotion">
                   
		            <p><a href="http://www.sainsburys.co.uk/shop/PromotionDisplayView?catalogId=10199&amp;langId=44&amp;productId=584556&amp;storeId=10151&amp;promotionId=10232976"><!-- BEGIN include/PromotionStrapline.jspf -->Only Â£1.60: Save 20p<br><!-- FINISH include/PromotionStrapline.jspf --></a></p>
		                        
    </div>

                    </div> 
                </div>
                
        <div class="strapline"><a href="http://www.sainsburys.co.uk/shop/PromotionDisplayView?catalogId=10199&amp;langId=44&amp;productId=584556&amp;storeId=10151&amp;promotionId=10232976"><img src="/wcsstore7.20.1.145/SainsburysStorefrontAssetStore/wcassets/icons/special/img-special-offer.png" alt="Special Offer"></a></div>
    
                <div class="errorBanner hidden" id="error584557"></div>
                <div class="addToTrolleytabBox">   
                    <!--addToTrolleytabBox GRID VIEW --><!-- Start UserSubscribedOrNot.jspf --><!-- Start UserSubscribedOrNot.jsp --><!-- 
			If the user is not logged in, render this opening 
			DIV adding an addtional class to fix the border top which is removed 
			and replaced by the tabs
		-->
		<div class="addToTrolleytabContainer addItemBorderTop">
	<!-- End AddToSubscriptionList.jsp --><!-- End AddSubscriptionList.jspf --><!-- 
                    ATTENTION!!!
                    <div class="addToTrolleytabContainer">
                    This opening div is inside "../../ReusableObjects/UserSubscribedOrNot.jsp"
                    -->
                    <div class="pricingAndTrolleyOptions">
                    	
                                    <div class="priceTab priceTabContainer activeContainer addItem" id="addItem_584557">
                                       <div class="pricing">
                                           
	<p class="pricePerUnit">
    Â£1.60<abbr title="per">/</abbr><abbr title="unit"><span class="pricePerUnitUnit">unit</span></abbr>
</p>
 
    <p class="pricePerMeasure">Â£6.40<abbr title="per">/</abbr><abbr title="litres"><span class="pricePerMeasureMeasure">ltr</span></abbr>
    </p>

                                       </div>                                      

                                     
                                        <div class="addToTrolleyForm "> 
                                           <!-- BEGIN AddToTrolley.jsp -->

		<form class="addToTrolleyForm" name="OrderItemAddForm_584557" action="OrderItemAdd" method="post" id="OrderItemAddForm_584557">
		    <input type="hidden" name="storeId" value="10151"><input type="hidden" name="langId" value="44"><input type="hidden" name="catalogId" value="10241"><input type="hidden" name="errorViewName" value="CategoryDisplayView"><input type="hidden" name="SKU_ID" value="7683288"><input type="hidden" name="itemType" value=""><label class="access" for="quantity_584556">Quantity</label>
		        
					<input name="quantity" id="quantity_584556" type="text" size="3" value="1" class="quantity"><input type="hidden" name="catEntryId" value="584557"><input type="hidden" name="productId" value="584556"><input type="hidden" name="URL" value="http://www.sainsburys.co.uk/webapp/wcs/stores/servlet/CategoryDisplay?msg=&amp;langId=44&amp;storeId=10151&amp;krypto=ujINEMC73wkOWgnVB3i%2FXbBlS4XLFqFhWlJSKIBpyzpzLJDvcPlAmwDvvVWWhKyxD3D6NpcqxM0QUs2KeJdWNDHcWUBBtNR5EpcJ3VFxBINczymq2ORmzlPfYrRAVF7okPLz8b%2B5BeKcs52Zf52%2B8Hs7hZdGFepiFVWzGQtL5Dk%3D&amp;ddkey=http%3Agb%2Fgroceries%2Fdrinks%2Fpre-mixed-cans"><input type="hidden" name="page" value=""><input type="hidden" name="contractId" value=""><input type="hidden" name="calculateOrder" value="1"><input type="hidden" name="calculationUsage" value="-1,-2,-3"><input type="hidden" name="updateable" value="1"><input type="hidden" name="merge" value="***"><input type="hidden" name="callAjax" value="false"><input class="button process" type="submit" name="Add" value="Add">
</form>
	<!-- END AddToTrolley.jsp -->
        <div class="numberInTrolley hidden numberInTrolley_584556" id="numberInTrolley_584556">
            
        </div>
    
                                        </div>

                                        <!-- BEGIN CatalogEntryRatingsReviewsInfo.jspf --><!-- productAllowedRatingsAndReviews: true -->
    <div class="reviews">
        
	        <a class="numberOfReviews repressive" href="http://reviews.sainsburys.co.uk//8076-en_gb/7683288-P/writereview.htm?submissionurl=http%3A%2F%2Fwww.sainsburys.co.uk%2Fwebapp%2Fwcs%2Fstores%2Fservlet%2FBVReviewSubmitDisplay%3FcatalogId%3D10199%26storeId%3D10151%26recipe%3D%26langId%3D44%26productId%3D7683288-P&amp;return=http%3A%2F%2Fwww.sainsburys.co.uk%2Fwebapp%2Fwcs%2Fstores%2Fservlet%2FCategoryDisplay%3FpageSize%3D100">
	    Write a review
          	</a>
        
    </div>
<!-- END CatalogEntryRatingsReviewsInfo.jspf -->
                                   </div>
                               <!-- Start AddToSubscriptionList.jspf --><!-- Start AddToSubscriptionList.jsp --><!-- End AddToSubscriptionList.jsp --><!-- End AddToSubscriptionList.jspf -->     
                    </div>
                            
                    
                </div>     
            </div>
            <!--ThumbnailRestriction --><!-- END CatalogEntryThumbnailDisplay.jsp -->
	                            </div>
</li>
	                         

	                            <li class="gridItem" style="min-height: 449px;">
	                                <!-- BEGIN CatalogEntryThumbnailDisplay.jsp --><!-- BEGIN MerchandisingAssociationsDisplay.jsp --><!-- Start - JSP File Name:  MerchandisingAssociationsDisplay.jsp --><!-- END MerchandisingAssociationsDisplay.jsp -->
            <div class="product  highlighted specialOffer straplineRow">
                
                <div class="productInfo">
                    <div class="productNameAndPromotions">
                        
                                  <h3>
                                    <a href="http://www.sainsburys.co.uk/shop/gb/groceries/pre-mixed-cans/gordons-gin---tonic-with-elderflower-250ml">
                                        Gordon's Gin &amp; Tonic with Elderflower 250ml
                                        <img src="http://c2.sainsburys.co.uk/wcsstore7.20.1.145/ExtendedSitesCatalogAssetStore/images/catalog/productImages/80/5000289927680/5000289927680_L.jpeg" alt=""></a>
                                </h3>
                              
    <div class="promotion">
                   
		            <p><a href="http://www.sainsburys.co.uk/shop/PromotionDisplayView?catalogId=10199&amp;langId=44&amp;productId=584564&amp;storeId=10151&amp;promotionId=10232976"><!-- BEGIN include/PromotionStrapline.jspf -->Only Â£1.60: Save 20p<br><!-- FINISH include/PromotionStrapline.jspf --></a></p>
		                        
    </div>

                    </div> 
                </div>
                
        <div class="strapline"><a href="http://www.sainsburys.co.uk/shop/PromotionDisplayView?catalogId=10199&amp;langId=44&amp;productId=584564&amp;storeId=10151&amp;promotionId=10232976"><img src="/wcsstore7.20.1.145/SainsburysStorefrontAssetStore/wcassets/icons/special/img-special-offer.png" alt="Special Offer"></a></div>
    
                <div class="errorBanner hidden" id="error584565"></div>
                <div class="addToTrolleytabBox">   
                    <!--addToTrolleytabBox GRID VIEW --><!-- Start UserSubscribedOrNot.jspf --><!-- Start UserSubscribedOrNot.jsp --><!-- 
			If the user is not logged in, render this opening 
			DIV adding an addtional class to fix the border top which is removed 
			and replaced by the tabs
		-->
		<div class="addToTrolleytabContainer addItemBorderTop">
	<!-- End AddToSubscriptionList.jsp --><!-- End AddSubscriptionList.jspf --><!-- 
                    ATTENTION!!!
                    <div class="addToTrolleytabContainer">
                    This opening div is inside "../../ReusableObjects/UserSubscribedOrNot.jsp"
                    -->
                    <div class="pricingAndTrolleyOptions">
                    	
                                    <div class="priceTab priceTabContainer activeContainer addItem" id="addItem_584565">
                                       <div class="pricing">
                                           
	<p class="pricePerUnit">
    Â£1.60<abbr title="per">/</abbr><abbr title="unit"><span class="pricePerUnitUnit">unit</span></abbr>
</p>
 
    <p class="pricePerMeasure">Â£6.40<abbr title="per">/</abbr><abbr title="litres"><span class="pricePerMeasureMeasure">ltr</span></abbr>
    </p>

                                       </div>                                      

                                     
                                        <div class="addToTrolleyForm "> 
                                           <!-- BEGIN AddToTrolley.jsp -->

		<form class="addToTrolleyForm" name="OrderItemAddForm_584565" action="OrderItemAdd" method="post" id="OrderItemAddForm_584565">
		    <input type="hidden" name="storeId" value="10151"><input type="hidden" name="langId" value="44"><input type="hidden" name="catalogId" value="10241"><input type="hidden" name="errorViewName" value="CategoryDisplayView"><input type="hidden" name="SKU_ID" value="7683313"><input type="hidden" name="itemType" value=""><label class="access" for="quantity_584564">Quantity</label>
		        
					<input name="quantity" id="quantity_584564" type="text" size="3" value="1" class="quantity"><input type="hidden" name="catEntryId" value="584565"><input type="hidden" name="productId" value="584564"><input type="hidden" name="URL" value="http://www.sainsburys.co.uk/webapp/wcs/stores/servlet/CategoryDisplay?msg=&amp;langId=44&amp;storeId=10151&amp;krypto=ujINEMC73wkOWgnVB3i%2FXbBlS4XLFqFhWlJSKIBpyzpzLJDvcPlAmwDvvVWWhKyxD3D6NpcqxM0QUs2KeJdWNDHcWUBBtNR5EpcJ3VFxBINczymq2ORmzlPfYrRAVF7okPLz8b%2B5BeKcs52Zf52%2B8Hs7hZdGFepiFVWzGQtL5Dk%3D&amp;ddkey=http%3Agb%2Fgroceries%2Fdrinks%2Fpre-mixed-cans"><input type="hidden" name="page" value=""><input type="hidden" name="contractId" value=""><input type="hidden" name="calculateOrder" value="1"><input type="hidden" name="calculationUsage" value="-1,-2,-3"><input type="hidden" name="updateable" value="1"><input type="hidden" name="merge" value="***"><input type="hidden" name="callAjax" value="false"><input class="button process" type="submit" name="Add" value="Add">
</form>
	<!-- END AddToTrolley.jsp -->
        <div class="numberInTrolley hidden numberInTrolley_584564" id="numberInTrolley_584564">
            
        </div>
    
                                        </div>

                                        <!-- BEGIN CatalogEntryRatingsReviewsInfo.jspf --><!-- productAllowedRatingsAndReviews: true -->
    <div class="reviews">
        
            <a class="numberOfReviews" href="http://www.sainsburys.co.uk/shop/gb/groceries/pre-mixed-cans/gordons-gin---tonic-with-elderflower-250ml#reviews">
                <img src="http://c2.sainsburys.co.uk/wcsstore7.20.1.145/SainsburysStorefrontAssetStore/img/stars/rating-5_0.gif" alt="5.0" border="0">Â  
                Reviews (1)
            </a>
        
    </div>
<!-- END CatalogEntryRatingsReviewsInfo.jspf -->
                                   </div>
                               <!-- Start AddToSubscriptionList.jspf --><!-- Start AddToSubscriptionList.jsp --><!-- End AddToSubscriptionList.jsp --><!-- End AddToSubscriptionList.jspf -->     
                    </div>
                            
                    
                </div>     
            </div>
            <!--ThumbnailRestriction --><!-- END CatalogEntryThumbnailDisplay.jsp -->
	                            </div>
</li>
	                         

	                            <li class="gridItem" style="min-height: 449px;">
	                                <!-- BEGIN CatalogEntryThumbnailDisplay.jsp --><!-- BEGIN MerchandisingAssociationsDisplay.jsp --><!-- Start - JSP File Name:  MerchandisingAssociationsDisplay.jsp --><!-- END MerchandisingAssociationsDisplay.jsp -->
            <div class="product  straplineRow">
                
                <div class="productInfo">
                    <div class="productNameAndPromotions">
                        
                                  <h3>
                                    <a href="http://www.sainsburys.co.uk/shop/gb/groceries/pre-mixed-cans/greenalls-gin---pink-grapefruit-250ml">
                                        Greenall's Gin &amp; Pink Grapefruit 250ml
                                        <img src="http://c2.sainsburys.co.uk/wcsstore7.20.1.145/ExtendedSitesCatalogAssetStore/images/catalog/productImages/57/5010296002157/5010296002157_L.jpeg" alt=""></a>
                                </h3>
                              
                    </div> 
                </div>
                
                <div class="errorBanner hidden" id="error96513"></div>
                <div class="addToTrolleytabBox">   
                    <!--addToTrolleytabBox GRID VIEW --><!-- Start UserSubscribedOrNot.jspf --><!-- Start UserSubscribedOrNot.jsp --><!-- 
			If the user is not logged in, render this opening 
			DIV adding an addtional class to fix the border top which is removed 
			and replaced by the tabs
		-->
		<div class="addToTrolleytabContainer addItemBorderTop">
	<!-- End AddToSubscriptionList.jsp --><!-- End AddSubscriptionList.jspf --><!-- 
                    ATTENTION!!!
                    <div class="addToTrolleytabContainer">
                    This opening div is inside "../../ReusableObjects/UserSubscribedOrNot.jsp"
                    -->
                    <div class="pricingAndTrolleyOptions">
                    	
                                    <div class="priceTab priceTabContainer activeContainer addItem" id="addItem_96513">
                                       <div class="pricing">
                                           
	<p class="pricePerUnit">
    Â£1.80<abbr title="per">/</abbr><abbr title="unit"><span class="pricePerUnitUnit">unit</span></abbr>
</p>
 
    <p class="pricePerMeasure">Â£7.20<abbr title="per">/</abbr><abbr title="litres"><span class="pricePerMeasureMeasure">ltr</span></abbr>
    </p>

                                       </div>                                      

                                     
                                        <div class="addToTrolleyForm "> 
                                           <!-- BEGIN AddToTrolley.jsp -->

		<form class="addToTrolleyForm" name="OrderItemAddForm_96513" action="OrderItemAdd" method="post" id="OrderItemAddForm_96513">
		    <input type="hidden" name="storeId" value="10151"><input type="hidden" name="langId" value="44"><input type="hidden" name="catalogId" value="10241"><input type="hidden" name="errorViewName" value="CategoryDisplayView"><input type="hidden" name="SKU_ID" value="7228745"><input type="hidden" name="itemType" value=""><label class="access" for="quantity_96512">Quantity</label>
		        
					<input name="quantity" id="quantity_96512" type="text" size="3" value="1" class="quantity"><input type="hidden" name="catEntryId" value="96513"><input type="hidden" name="productId" value="96512"><input type="hidden" name="URL" value="http://www.sainsburys.co.uk/webapp/wcs/stores/servlet/CategoryDisplay?msg=&amp;langId=44&amp;storeId=10151&amp;krypto=ujINEMC73wkOWgnVB3i%2FXbBlS4XLFqFhWlJSKIBpyzpzLJDvcPlAmwDvvVWWhKyxD3D6NpcqxM0QUs2KeJdWNDHcWUBBtNR5EpcJ3VFxBINczymq2ORmzlPfYrRAVF7okPLz8b%2B5BeKcs52Zf52%2B8Hs7hZdGFepiFVWzGQtL5Dk%3D&amp;ddkey=http%3Agb%2Fgroceries%2Fdrinks%2Fpre-mixed-cans"><input type="hidden" name="page" value=""><input type="hidden" name="contractId" value=""><input type="hidden" name="calculateOrder" value="1"><input type="hidden" name="calculationUsage" value="-1,-2,-3"><input type="hidden" name="updateable" value="1"><input type="hidden" name="merge" value="***"><input type="hidden" name="callAjax" value="false"><input class="button process" type="submit" name="Add" value="Add">
</form>
	<!-- END AddToTrolley.jsp -->
        <div class="numberInTrolley hidden numberInTrolley_96512" id="numberInTrolley_96512">
            
        </div>
    
                                        </div>

                                        <!-- BEGIN CatalogEntryRatingsReviewsInfo.jspf --><!-- productAllowedRatingsAndReviews: true -->
    <div class="reviews">
        
            <a class="numberOfReviews" href="http://www.sainsburys.co.uk/shop/gb/groceries/pre-mixed-cans/greenalls-gin---pink-grapefruit-250ml#reviews">
                <img src="http://c2.sainsburys.co.uk/wcsstore7.20.1.145/SainsburysStorefrontAssetStore/img/stars/rating-5_0.gif" alt="5.0" border="0">Â  
                Reviews (1)
            </a>
        
    </div>
<!-- END CatalogEntryRatingsReviewsInfo.jspf -->
                                   </div>
                               <!-- Start AddToSubscriptionList.jspf --><!-- Start AddToSubscriptionList.jsp --><!-- End AddToSubscriptionList.jsp --><!-- End AddToSubscriptionList.jspf -->     
                    </div>
                            
                    
                </div>     
            </div>
            <!--ThumbnailRestriction --><!-- END CatalogEntryThumbnailDisplay.jsp -->
	                            </div>
</li>
	                         

	                            <li class="gridItem" style="min-height: 406px;">
	                                <!-- BEGIN CatalogEntryThumbnailDisplay.jsp --><!-- BEGIN MerchandisingAssociationsDisplay.jsp --><!-- Start - JSP File Name:  MerchandisingAssociationsDisplay.jsp --><!-- END MerchandisingAssociationsDisplay.jsp -->
            <div class="product ">
                
                <div class="productInfo">
                    <div class="productNameAndPromotions">
                        
                                  <h3>
                                    <a href="http://www.sainsburys.co.uk/shop/gb/groceries/pre-mixed-cans/hoopers-dandelion---burdock-500ml">
                                        Hoopers Alcoholic Dandelion &amp; Burdock 500ml
                                        <img src="http://c2.sainsburys.co.uk/wcsstore7.20.1.145/ExtendedSitesCatalogAssetStore/images/catalog/productImages/22/5032678003422/5032678003422_L.jpeg" alt=""></a>
                                </h3>
                              
                    </div> 
                </div>
                
                <div class="errorBanner hidden" id="error430197"></div>
                <div class="addToTrolleytabBox">   
                    <!--addToTrolleytabBox GRID VIEW --><!-- Start UserSubscribedOrNot.jspf --><!-- Start UserSubscribedOrNot.jsp --><!-- 
			If the user is not logged in, render this opening 
			DIV adding an addtional class to fix the border top which is removed 
			and replaced by the tabs
		-->
		<div class="addToTrolleytabContainer addItemBorderTop">
	<!-- End AddToSubscriptionList.jsp --><!-- End AddSubscriptionList.jspf --><!-- 
                    ATTENTION!!!
                    <div class="addToTrolleytabContainer">
                    This opening div is inside "../../ReusableObjects/UserSubscribedOrNot.jsp"
                    -->
                    <div class="pricingAndTrolleyOptions">
                    	
                                    <div class="priceTab priceTabContainer activeContainer addItem" id="addItem_430197">
                                       <div class="pricing">
                                           
	<p class="pricePerUnit">
    Â£2.00<abbr title="per">/</abbr><abbr title="unit"><span class="pricePerUnitUnit">unit</span></abbr>
</p>
 
    <p class="pricePerMeasure">Â£4.00<abbr title="per">/</abbr><abbr title="litres"><span class="pricePerMeasureMeasure">ltr</span></abbr>
    </p>

                                       </div>                                      

                                     
                                        <div class="addToTrolleyForm "> 
                                           <!-- BEGIN AddToTrolley.jsp -->

		<form class="addToTrolleyForm" name="OrderItemAddForm_430197" action="OrderItemAdd" method="post" id="OrderItemAddForm_430197">
		    <input type="hidden" name="storeId" value="10151"><input type="hidden" name="langId" value="44"><input type="hidden" name="catalogId" value="10241"><input type="hidden" name="errorViewName" value="CategoryDisplayView"><input type="hidden" name="SKU_ID" value="7640052"><input type="hidden" name="itemType" value=""><label class="access" for="quantity_430196">Quantity</label>
		        
					<input name="quantity" id="quantity_430196" type="text" size="3" value="1" class="quantity"><input type="hidden" name="catEntryId" value="430197"><input type="hidden" name="productId" value="430196"><input type="hidden" name="URL" value="http://www.sainsburys.co.uk/webapp/wcs/stores/servlet/CategoryDisplay?msg=&amp;langId=44&amp;storeId=10151&amp;krypto=ujINEMC73wkOWgnVB3i%2FXbBlS4XLFqFhWlJSKIBpyzpzLJDvcPlAmwDvvVWWhKyxD3D6NpcqxM0QUs2KeJdWNDHcWUBBtNR5EpcJ3VFxBINczymq2ORmzlPfYrRAVF7okPLz8b%2B5BeKcs52Zf52%2B8Hs7hZdGFepiFVWzGQtL5Dk%3D&amp;ddkey=http%3Agb%2Fgroceries%2Fdrinks%2Fpre-mixed-cans"><input type="hidden" name="page" value=""><input type="hidden" name="contractId" value=""><input type="hidden" name="calculateOrder" value="1"><input type="hidden" name="calculationUsage" value="-1,-2,-3"><input type="hidden" name="updateable" value="1"><input type="hidden" name="merge" value="***"><input type="hidden" name="callAjax" value="false"><input class="button process" type="submit" name="Add" value="Add">
</form>
	<!-- END AddToTrolley.jsp -->
        <div class="numberInTrolley hidden numberInTrolley_430196" id="numberInTrolley_430196">
            
        </div>
    
                                        </div>

                                        <!-- BEGIN CatalogEntryRatingsReviewsInfo.jspf --><!-- productAllowedRatingsAndReviews: true -->
    <div class="reviews">
        
            <a class="numberOfReviews" href="http://www.sainsburys.co.uk/shop/gb/groceries/pre-mixed-cans/hoopers-dandelion---burdock-500ml#reviews">
                <img src="http://c2.sainsburys.co.uk/wcsstore7.20.1.145/SainsburysStorefrontAssetStore/img/stars/rating-4_5.gif" alt="4.5" border="0">Â  
                Reviews (4)
            </a>
        
    </div>
<!-- END CatalogEntryRatingsReviewsInfo.jspf -->
                                   </div>
                               <!-- Start AddToSubscriptionList.jspf --><!-- Start AddToSubscriptionList.jsp --><!-- End AddToSubscriptionList.jsp --><!-- End AddToSubscriptionList.jspf -->     
                    </div>
                            
                    
                </div>     
            </div>
            <!--ThumbnailRestriction --><!-- END CatalogEntryThumbnailDisplay.jsp -->
	                            </div>
</li>
	                         

	                            <li class="gridItem" style="min-height: 406px;">
	                                <!-- BEGIN CatalogEntryThumbnailDisplay.jsp --><!-- BEGIN MerchandisingAssociationsDisplay.jsp --><!-- Start - JSP File Name:  MerchandisingAssociationsDisplay.jsp --><!-- END MerchandisingAssociationsDisplay.jsp -->
            <div class="product ">
                
                <div class="productInfo">
                    <div class="productNameAndPromotions">
                        
                                  <h3>
                                    <a href="http://www.sainsburys.co.uk/shop/gb/groceries/pre-mixed-cans/hoopers-plum---sloe-500ml">
                                        Hoopers Plum &amp; Sloe 500ml
                                        <img src="http://c2.sainsburys.co.uk/wcsstore7.20.1.145/ExtendedSitesCatalogAssetStore/images/catalog/productImages/33/5032678004733/5032678004733_L.jpeg" alt=""></a>
                                </h3>
                              
                    </div> 
                </div>
                
                <div class="errorBanner hidden" id="error1039579"></div>
                <div class="addToTrolleytabBox">   
                    <!--addToTrolleytabBox GRID VIEW --><!-- Start UserSubscribedOrNot.jspf --><!-- Start UserSubscribedOrNot.jsp --><!-- 
			If the user is not logged in, render this opening 
			DIV adding an addtional class to fix the border top which is removed 
			and replaced by the tabs
		-->
		<div class="addToTrolleytabContainer addItemBorderTop">
	<!-- End AddToSubscriptionList.jsp --><!-- End AddSubscriptionList.jspf --><!-- 
                    ATTENTION!!!
                    <div class="addToTrolleytabContainer">
                    This opening div is inside "../../ReusableObjects/UserSubscribedOrNot.jsp"
                    -->
                    <div class="pricingAndTrolleyOptions">
                    	
                                    <div class="priceTab priceTabContainer activeContainer addItem" id="addItem_1039579">
                                       <div class="pricing">
                                           
	<p class="pricePerUnit">
    Â£2.00<abbr title="per">/</abbr><abbr title="unit"><span class="pricePerUnitUnit">unit</span></abbr>
</p>
 
    <p class="pricePerMeasure">Â£4.00<abbr title="per">/</abbr><abbr title="litres"><span class="pricePerMeasureMeasure">ltr</span></abbr>
    </p>

                                       </div>                                      

                                     
                                        <div class="addToTrolleyForm "> 
                                           <!-- BEGIN AddToTrolley.jsp -->

		<form class="addToTrolleyForm" name="OrderItemAddForm_1039579" action="OrderItemAdd" method="post" id="OrderItemAddForm_1039579">
		    <input type="hidden" name="storeId" value="10151"><input type="hidden" name="langId" value="44"><input type="hidden" name="catalogId" value="10241"><input type="hidden" name="errorViewName" value="CategoryDisplayView"><input type="hidden" name="SKU_ID" value="7803533"><input type="hidden" name="itemType" value=""><label class="access" for="quantity_1039578">Quantity</label>
		        
					<input name="quantity" id="quantity_1039578" type="text" size="3" value="1" class="quantity"><input type="hidden" name="catEntryId" value="1039579"><input type="hidden" name="productId" value="1039578"><input type="hidden" name="URL" value="http://www.sainsburys.co.uk/webapp/wcs/stores/servlet/CategoryDisplay?msg=&amp;langId=44&amp;storeId=10151&amp;krypto=ujINEMC73wkOWgnVB3i%2FXbBlS4XLFqFhWlJSKIBpyzpzLJDvcPlAmwDvvVWWhKyxD3D6NpcqxM0QUs2KeJdWNDHcWUBBtNR5EpcJ3VFxBINczymq2ORmzlPfYrRAVF7okPLz8b%2B5BeKcs52Zf52%2B8Hs7hZdGFepiFVWzGQtL5Dk%3D&amp;ddkey=http%3Agb%2Fgroceries%2Fdrinks%2Fpre-mixed-cans"><input type="hidden" name="page" value=""><input type="hidden" name="contractId" value=""><input type="hidden" name="calculateOrder" value="1"><input type="hidden" name="calculationUsage" value="-1,-2,-3"><input type="hidden" name="updateable" value="1"><input type="hidden" name="merge" value="***"><input type="hidden" name="callAjax" value="false"><input class="button process" type="submit" name="Add" value="Add">
</form>
	<!-- END AddToTrolley.jsp -->
        <div class="numberInTrolley hidden numberInTrolley_1039578" id="numberInTrolley_1039578">
            
        </div>
    
                                        </div>

                                        <!-- BEGIN CatalogEntryRatingsReviewsInfo.jspf --><!-- productAllowedRatingsAndReviews: true -->
    <div class="reviews">
        
            <a class="numberOfReviews" href="http://www.sainsburys.co.uk/shop/gb/groceries/pre-mixed-cans/hoopers-plum---sloe-500ml#reviews">
                <img src="http://c2.sainsburys.co.uk/wcsstore7.20.1.145/SainsburysStorefrontAssetStore/img/stars/rating-5_0.gif" alt="5.0" border="0">Â  
                Reviews (1)
            </a>
        
    </div>
<!-- END CatalogEntryRatingsReviewsInfo.jspf -->
                                   </div>
                               <!-- Start AddToSubscriptionList.jspf --><!-- Start AddToSubscriptionList.jsp --><!-- End AddToSubscriptionList.jsp --><!-- End AddToSubscriptionList.jspf -->     
                    </div>
                            
                    
                </div>     
            </div>
            <!--ThumbnailRestriction --><!-- END CatalogEntryThumbnailDisplay.jsp -->
	                            </div>
</li>
	                         

	                            <li class="gridItem" style="min-height: 406px;">
	                                <!-- BEGIN CatalogEntryThumbnailDisplay.jsp --><!-- BEGIN MerchandisingAssociationsDisplay.jsp --><!-- Start - JSP File Name:  MerchandisingAssociationsDisplay.jsp --><!-- END MerchandisingAssociationsDisplay.jsp -->
            <div class="product ">
                
                <div class="productInfo">
                    <div class="productNameAndPromotions">
                        
                                  <h3>
                                    <a href="http://www.sainsburys.co.uk/shop/gb/groceries/pre-mixed-cans/jack-daniels---cola-330ml">
                                        Jack Daniel's &amp; Cola 330ml
                                        <img src="http://c2.sainsburys.co.uk/wcsstore7.20.1.145/ExtendedSitesCatalogAssetStore/images/catalog/productImages/20/5099873003220/5099873003220_L.jpeg" alt=""></a>
                                </h3>
                              
                    </div> 
                </div>
                
                <div class="errorBanner hidden" id="error95157"></div>
                <div class="addToTrolleytabBox">   
                    <!--addToTrolleytabBox GRID VIEW --><!-- Start UserSubscribedOrNot.jspf --><!-- Start UserSubscribedOrNot.jsp --><!-- 
			If the user is not logged in, render this opening 
			DIV adding an addtional class to fix the border top which is removed 
			and replaced by the tabs
		-->
		<div class="addToTrolleytabContainer addItemBorderTop">
	<!-- End AddToSubscriptionList.jsp --><!-- End AddSubscriptionList.jspf --><!-- 
                    ATTENTION!!!
                    <div class="addToTrolleytabContainer">
                    This opening div is inside "../../ReusableObjects/UserSubscribedOrNot.jsp"
                    -->
                    <div class="pricingAndTrolleyOptions">
                    	
                                    <div class="priceTab priceTabContainer activeContainer addItem" id="addItem_95157">
                                       <div class="pricing">
                                           
	<p class="pricePerUnit">
    Â£2.00<abbr title="per">/</abbr><abbr title="unit"><span class="pricePerUnitUnit">unit</span></abbr>
</p>
 
    <p class="pricePerMeasure">Â£6.06<abbr title="per">/</abbr><abbr title="litres"><span class="pricePerMeasureMeasure">ltr</span></abbr>
    </p>

                                       </div>                                      

                                     
                                        <div class="addToTrolleyForm "> 
                                           <!-- BEGIN AddToTrolley.jsp -->

		<form class="addToTrolleyForm" name="OrderItemAddForm_95157" action="OrderItemAdd" method="post" id="OrderItemAddForm_95157">
		    <input type="hidden" name="storeId" value="10151"><input type="hidden" name="langId" value="44"><input type="hidden" name="catalogId" value="10241"><input type="hidden" name="errorViewName" value="CategoryDisplayView"><input type="hidden" name="SKU_ID" value="7088825"><input type="hidden" name="itemType" value=""><label class="access" for="quantity_95156">Quantity</label>
		        
					<input name="quantity" id="quantity_95156" type="text" size="3" value="1" class="quantity"><input type="hidden" name="catEntryId" value="95157"><input type="hidden" name="productId" value="95156"><input type="hidden" name="URL" value="http://www.sainsburys.co.uk/webapp/wcs/stores/servlet/CategoryDisplay?msg=&amp;langId=44&amp;storeId=10151&amp;krypto=ujINEMC73wkOWgnVB3i%2FXbBlS4XLFqFhWlJSKIBpyzpzLJDvcPlAmwDvvVWWhKyxD3D6NpcqxM0QUs2KeJdWNDHcWUBBtNR5EpcJ3VFxBINczymq2ORmzlPfYrRAVF7okPLz8b%2B5BeKcs52Zf52%2B8Hs7hZdGFepiFVWzGQtL5Dk%3D&amp;ddkey=http%3Agb%2Fgroceries%2Fdrinks%2Fpre-mixed-cans"><input type="hidden" name="page" value=""><input type="hidden" name="contractId" value=""><input type="hidden" name="calculateOrder" value="1"><input type="hidden" name="calculationUsage" value="-1,-2,-3"><input type="hidden" name="updateable" value="1"><input type="hidden" name="merge" value="***"><input type="hidden" name="callAjax" value="false"><input class="button process" type="submit" name="Add" value="Add">
</form>
	<!-- END AddToTrolley.jsp -->
        <div class="numberInTrolley hidden numberInTrolley_95156" id="numberInTrolley_95156">
            
        </div>
    
                                        </div>

                                        <!-- BEGIN CatalogEntryRatingsReviewsInfo.jspf --><!-- productAllowedRatingsAndReviews: true -->
    <div class="reviews">
        
            <a class="numberOfReviews" href="http://www.sainsburys.co.uk/shop/gb/groceries/pre-mixed-cans/jack-daniels---cola-330ml#reviews">
                <img src="http://c2.sainsburys.co.uk/wcsstore7.20.1.145/SainsburysStorefrontAssetStore/img/stars/rating-5_0.gif" alt="5.0" border="0">Â  
                Reviews (1)
            </a>
        
    </div>
<!-- END CatalogEntryRatingsReviewsInfo.jspf -->
                                   </div>
                               <!-- Start AddToSubscriptionList.jspf --><!-- Start AddToSubscriptionList.jsp --><!-- End AddToSubscriptionList.jsp --><!-- End AddToSubscriptionList.jspf -->     
                    </div>
                            
                    
                </div>     
            </div>
            <!--ThumbnailRestriction --><!-- END CatalogEntryThumbnailDisplay.jsp -->
	                            </div>
</li>
	                         

	                            <li class="gridItem" style="min-height: 448px;">
	                                <!-- BEGIN CatalogEntryThumbnailDisplay.jsp --><!-- BEGIN MerchandisingAssociationsDisplay.jsp --><!-- Start - JSP File Name:  MerchandisingAssociationsDisplay.jsp --><!-- END MerchandisingAssociationsDisplay.jsp -->
            <div class="product  highlighted specialOffer straplineRow">
                
                <div class="productInfo">
                    <div class="productNameAndPromotions">
                        
                                  <h3>
                                    <a href="http://www.sainsburys.co.uk/shop/gb/groceries/pre-mixed-cans/jack-daniels---cola-4x330ml-7794766-p-44">
                                        Jack Daniel's &amp; Cola 4x330ml
                                        <img src="http://c2.sainsburys.co.uk/wcsstore7.20.1.145/ExtendedSitesCatalogAssetStore/images/catalog/productImages/48/5099873203248/5099873203248_L.jpeg" alt=""></a>
                                </h3>
                              
    <div class="promotion">
                   
		            <p><a href="http://www.sainsburys.co.uk/shop/PromotionDisplayView?catalogId=10199&amp;langId=44&amp;productId=1020934&amp;storeId=10151&amp;promotionId=10233020"><!-- BEGIN include/PromotionStrapline.jspf -->Only Â£6.00: Save Â£1.00<br><!-- FINISH include/PromotionStrapline.jspf --></a></p>
		                        
    </div>

                    </div> 
                </div>
                
        <div class="strapline"><a href="http://www.sainsburys.co.uk/shop/PromotionDisplayView?catalogId=10199&amp;langId=44&amp;productId=1020934&amp;storeId=10151&amp;promotionId=10233020"><img src="/wcsstore7.20.1.145/SainsburysStorefrontAssetStore/wcassets/icons/special/img-special-offer.png" alt="Special Offer"></a></div>
    
                <div class="errorBanner hidden" id="error1020935"></div>
                <div class="addToTrolleytabBox">   
                    <!--addToTrolleytabBox GRID VIEW --><!-- Start UserSubscribedOrNot.jspf --><!-- Start UserSubscribedOrNot.jsp --><!-- 
			If the user is not logged in, render this opening 
			DIV adding an addtional class to fix the border top which is removed 
			and replaced by the tabs
		-->
		<div class="addToTrolleytabContainer addItemBorderTop">
	<!-- End AddToSubscriptionList.jsp --><!-- End AddSubscriptionList.jspf --><!-- 
                    ATTENTION!!!
                    <div class="addToTrolleytabContainer">
                    This opening div is inside "../../ReusableObjects/UserSubscribedOrNot.jsp"
                    -->
                    <div class="pricingAndTrolleyOptions">
                    	
                                    <div class="priceTab priceTabContainer activeContainer addItem" id="addItem_1020935">
                                       <div class="pricing">
                                           
	<p class="pricePerUnit">
    Â£6.00<abbr title="per">/</abbr><abbr title="unit"><span class="pricePerUnitUnit">unit</span></abbr>
</p>
 
    <p class="pricePerMeasure">Â£4.54<abbr title="per">/</abbr><abbr title="litres"><span class="pricePerMeasureMeasure">ltr</span></abbr>
    </p>

                                       </div>                                      

                                     
                                        <div class="addToTrolleyForm "> 
                                           <!-- BEGIN AddToTrolley.jsp -->

		<form class="addToTrolleyForm" name="OrderItemAddForm_1020935" action="OrderItemAdd" method="post" id="OrderItemAddForm_1020935">
		    <input type="hidden" name="storeId" value="10151"><input type="hidden" name="langId" value="44"><input type="hidden" name="catalogId" value="10241"><input type="hidden" name="errorViewName" value="CategoryDisplayView"><input type="hidden" name="SKU_ID" value="7794766"><input type="hidden" name="itemType" value=""><label class="access" for="quantity_1020934">Quantity</label>
		        
					<input name="quantity" id="quantity_1020934" type="text" size="3" value="1" class="quantity"><input type="hidden" name="catEntryId" value="1020935"><input type="hidden" name="productId" value="1020934"><input type="hidden" name="URL" value="http://www.sainsburys.co.uk/webapp/wcs/stores/servlet/CategoryDisplay?msg=&amp;langId=44&amp;storeId=10151&amp;krypto=ujINEMC73wkOWgnVB3i%2FXbBlS4XLFqFhWlJSKIBpyzpzLJDvcPlAmwDvvVWWhKyxD3D6NpcqxM0QUs2KeJdWNDHcWUBBtNR5EpcJ3VFxBINczymq2ORmzlPfYrRAVF7okPLz8b%2B5BeKcs52Zf52%2B8Hs7hZdGFepiFVWzGQtL5Dk%3D&amp;ddkey=http%3Agb%2Fgroceries%2Fdrinks%2Fpre-mixed-cans"><input type="hidden" name="page" value=""><input type="hidden" name="contractId" value=""><input type="hidden" name="calculateOrder" value="1"><input type="hidden" name="calculationUsage" value="-1,-2,-3"><input type="hidden" name="updateable" value="1"><input type="hidden" name="merge" value="***"><input type="hidden" name="callAjax" value="false"><input class="button process" type="submit" name="Add" value="Add">
</form>
	<!-- END AddToTrolley.jsp -->
        <div class="numberInTrolley hidden numberInTrolley_1020934" id="numberInTrolley_1020934">
            
        </div>
    
                                        </div>

                                        <!-- BEGIN CatalogEntryRatingsReviewsInfo.jspf --><!-- productAllowedRatingsAndReviews: true -->
    <div class="reviews">
        
	        <a class="numberOfReviews repressive" href="http://reviews.sainsburys.co.uk//8076-en_gb/7794766-P/writereview.htm?submissionurl=http%3A%2F%2Fwww.sainsburys.co.uk%2Fwebapp%2Fwcs%2Fstores%2Fservlet%2FBVReviewSubmitDisplay%3FcatalogId%3D10199%26storeId%3D10151%26recipe%3D%26langId%3D44%26productId%3D7794766-P&amp;return=http%3A%2F%2Fwww.sainsburys.co.uk%2Fwebapp%2Fwcs%2Fstores%2Fservlet%2FCategoryDisplay%3FpageSize%3D100">
	    Write a review
          	</a>
        
    </div>
<!-- END CatalogEntryRatingsReviewsInfo.jspf -->
                                   </div>
                               <!-- Start AddToSubscriptionList.jspf --><!-- Start AddToSubscriptionList.jsp --><!-- End AddToSubscriptionList.jsp --><!-- End AddToSubscriptionList.jspf -->     
                    </div>
                            
                    
                </div>     
            </div>
            <!--ThumbnailRestriction --><!-- END CatalogEntryThumbnailDisplay.jsp -->
	                            </div>
</li>
	                         

	                            <li class="gridItem" style="min-height: 448px;">
	                                <!-- BEGIN CatalogEntryThumbnailDisplay.jsp --><!-- BEGIN MerchandisingAssociationsDisplay.jsp --><!-- Start - JSP File Name:  MerchandisingAssociationsDisplay.jsp --><!-- END MerchandisingAssociationsDisplay.jsp -->
            <div class="product  straplineRow">
                
                <div class="productInfo">
                    <div class="productNameAndPromotions">
                        
                                  <h3>
                                    <a href="http://www.sainsburys.co.uk/shop/gb/groceries/pre-mixed-cans/jack-daniels---cola-275ml">
                                        Jack Daniel's &amp; Cola Bottle 275ml
                                        <img src="http://c2.sainsburys.co.uk/wcsstore7.20.1.145/ExtendedSitesCatalogAssetStore/images/catalog/productImages/91/5099873000991/5099873000991_L.jpeg" alt=""></a>
                                </h3>
                              
                    </div> 
                </div>
                
                <div class="errorBanner hidden" id="error647619"></div>
                <div class="addToTrolleytabBox">   
                    <!--addToTrolleytabBox GRID VIEW --><!-- Start UserSubscribedOrNot.jspf --><!-- Start UserSubscribedOrNot.jsp --><!-- 
			If the user is not logged in, render this opening 
			DIV adding an addtional class to fix the border top which is removed 
			and replaced by the tabs
		-->
		<div class="addToTrolleytabContainer addItemBorderTop">
	<!-- End AddToSubscriptionList.jsp --><!-- End AddSubscriptionList.jspf --><!-- 
                    ATTENTION!!!
                    <div class="addToTrolleytabContainer">
                    This opening div is inside "../../ReusableObjects/UserSubscribedOrNot.jsp"
                    -->
                    <div class="pricingAndTrolleyOptions">
                    	
                                    <div class="priceTab priceTabContainer activeContainer addItem" id="addItem_647619">
                                       <div class="pricing">
                                           
	<p class="pricePerUnit">
    Â£2.60<abbr title="per">/</abbr><abbr title="unit"><span class="pricePerUnitUnit">unit</span></abbr>
</p>
 
    <p class="pricePerMeasure">Â£9.45<abbr title="per">/</abbr><abbr title="litres"><span class="pricePerMeasureMeasure">ltr</span></abbr>
    </p>

                                       </div>                                      

                                     
                                        <div class="addToTrolleyForm "> 
                                           <!-- BEGIN AddToTrolley.jsp -->

		<form class="addToTrolleyForm" name="OrderItemAddForm_647619" action="OrderItemAdd" method="post" id="OrderItemAddForm_647619">
		    <input type="hidden" name="storeId" value="10151"><input type="hidden" name="langId" value="44"><input type="hidden" name="catalogId" value="10241"><input type="hidden" name="errorViewName" value="CategoryDisplayView"><input type="hidden" name="SKU_ID" value="7706917"><input type="hidden" name="itemType" value=""><label class="access" for="quantity_647618">Quantity</label>
		        
					<input name="quantity" id="quantity_647618" type="text" size="3" value="1" class="quantity"><input type="hidden" name="catEntryId" value="647619"><input type="hidden" name="productId" value="647618"><input type="hidden" name="URL" value="http://www.sainsburys.co.uk/webapp/wcs/stores/servlet/CategoryDisplay?msg=&amp;langId=44&amp;storeId=10151&amp;krypto=ujINEMC73wkOWgnVB3i%2FXbBlS4XLFqFhWlJSKIBpyzpzLJDvcPlAmwDvvVWWhKyxD3D6NpcqxM0QUs2KeJdWNDHcWUBBtNR5EpcJ3VFxBINczymq2ORmzlPfYrRAVF7okPLz8b%2B5BeKcs52Zf52%2B8Hs7hZdGFepiFVWzGQtL5Dk%3D&amp;ddkey=http%3Agb%2Fgroceries%2Fdrinks%2Fpre-mixed-cans"><input type="hidden" name="page" value=""><input type="hidden" name="contractId" value=""><input type="hidden" name="calculateOrder" value="1"><input type="hidden" name="calculationUsage" value="-1,-2,-3"><input type="hidden" name="updateable" value="1"><input type="hidden" name="merge" value="***"><input type="hidden" name="callAjax" value="false"><input class="button process" type="submit" name="Add" value="Add">
</form>
	<!-- END AddToTrolley.jsp -->
        <div class="numberInTrolley hidden numberInTrolley_647618" id="numberInTrolley_647618">
            
        </div>
    
                                        </div>

                                        <!-- BEGIN CatalogEntryRatingsReviewsInfo.jspf --><!-- productAllowedRatingsAndReviews: true -->
    <div class="reviews">
        
	        <a class="numberOfReviews repressive" href="http://reviews.sainsburys.co.uk//8076-en_gb/7706917-P/writereview.htm?submissionurl=http%3A%2F%2Fwww.sainsburys.co.uk%2Fwebapp%2Fwcs%2Fstores%2Fservlet%2FBVReviewSubmitDisplay%3FcatalogId%3D10199%26storeId%3D10151%26recipe%3D%26langId%3D44%26productId%3D7706917-P&amp;return=http%3A%2F%2Fwww.sainsburys.co.uk%2Fwebapp%2Fwcs%2Fstores%2Fservlet%2FCategoryDisplay%3FpageSize%3D100">
	    Write a review
          	</a>
        
    </div>
<!-- END CatalogEntryRatingsReviewsInfo.jspf -->
                                   </div>
                               <!-- Start AddToSubscriptionList.jspf --><!-- Start AddToSubscriptionList.jsp --><!-- End AddToSubscriptionList.jsp --><!-- End AddToSubscriptionList.jspf -->     
                    </div>
                            
                    
                </div>     
            </div>
            <!--ThumbnailRestriction --><!-- END CatalogEntryThumbnailDisplay.jsp -->
	                            </div>
</li>
	                         

	                            <li class="gridItem" style="min-height: 448px;">
	                                <!-- BEGIN CatalogEntryThumbnailDisplay.jsp --><!-- BEGIN MerchandisingAssociationsDisplay.jsp --><!-- Start - JSP File Name:  MerchandisingAssociationsDisplay.jsp --><!-- END MerchandisingAssociationsDisplay.jsp -->
            <div class="product  straplineRow">
                
                <div class="productInfo">
                    <div class="productNameAndPromotions">
                        
                                  <h3>
                                    <a href="http://www.sainsburys.co.uk/shop/gb/groceries/pre-mixed-cans/jack-daniels-honey---lemonade-330ml">
                                        Jack Daniels Honey &amp; Lemonade 330ml
                                        <img src="http://c2.sainsburys.co.uk/wcsstore7.20.1.145/ExtendedSitesCatalogAssetStore/images/catalog/productImages/17/5099873005217/5099873005217_L.jpeg" alt=""></a>
                                </h3>
                              
                    </div> 
                </div>
                
                <div class="errorBanner hidden" id="error908971"></div>
                <div class="addToTrolleytabBox">   
                    <!--addToTrolleytabBox GRID VIEW --><!-- Start UserSubscribedOrNot.jspf --><!-- Start UserSubscribedOrNot.jsp --><!-- 
			If the user is not logged in, render this opening 
			DIV adding an addtional class to fix the border top which is removed 
			and replaced by the tabs
		-->
		<div class="addToTrolleytabContainer addItemBorderTop">
	<!-- End AddToSubscriptionList.jsp --><!-- End AddSubscriptionList.jspf --><!-- 
                    ATTENTION!!!
                    <div class="addToTrolleytabContainer">
                    This opening div is inside "../../ReusableObjects/UserSubscribedOrNot.jsp"
                    -->
                    <div class="pricingAndTrolleyOptions">
                    	
                                    <div class="priceTab priceTabContainer activeContainer addItem" id="addItem_908971">
                                       <div class="pricing">
                                           
	<p class="pricePerUnit">
    Â£2.00<abbr title="per">/</abbr><abbr title="unit"><span class="pricePerUnitUnit">unit</span></abbr>
</p>
 
    <p class="pricePerMeasure">Â£6.06<abbr title="per">/</abbr><abbr title="litres"><span class="pricePerMeasureMeasure">ltr</span></abbr>
    </p>

                                       </div>                                      

                                     
                                        <div class="addToTrolleyForm "> 
                                           <!-- BEGIN AddToTrolley.jsp -->

		<form class="addToTrolleyForm" name="OrderItemAddForm_908971" action="OrderItemAdd" method="post" id="OrderItemAddForm_908971">
		    <input type="hidden" name="storeId" value="10151"><input type="hidden" name="langId" value="44"><input type="hidden" name="catalogId" value="10241"><input type="hidden" name="errorViewName" value="CategoryDisplayView"><input type="hidden" name="SKU_ID" value="7755161"><input type="hidden" name="itemType" value=""><label class="access" for="quantity_908970">Quantity</label>
		        
					<input name="quantity" id="quantity_908970" type="text" size="3" value="1" class="quantity"><input type="hidden" name="catEntryId" value="908971"><input type="hidden" name="productId" value="908970"><input type="hidden" name="URL" value="http://www.sainsburys.co.uk/webapp/wcs/stores/servlet/CategoryDisplay?msg=&amp;langId=44&amp;storeId=10151&amp;krypto=ujINEMC73wkOWgnVB3i%2FXbBlS4XLFqFhWlJSKIBpyzpzLJDvcPlAmwDvvVWWhKyxD3D6NpcqxM0QUs2KeJdWNDHcWUBBtNR5EpcJ3VFxBINczymq2ORmzlPfYrRAVF7okPLz8b%2B5BeKcs52Zf52%2B8Hs7hZdGFepiFVWzGQtL5Dk%3D&amp;ddkey=http%3Agb%2Fgroceries%2Fdrinks%2Fpre-mixed-cans"><input type="hidden" name="page" value=""><input type="hidden" name="contractId" value=""><input type="hidden" name="calculateOrder" value="1"><input type="hidden" name="calculationUsage" value="-1,-2,-3"><input type="hidden" name="updateable" value="1"><input type="hidden" name="merge" value="***"><input type="hidden" name="callAjax" value="false"><input class="button process" type="submit" name="Add" value="Add">
</form>
	<!-- END AddToTrolley.jsp -->
        <div class="numberInTrolley hidden numberInTrolley_908970" id="numberInTrolley_908970">
            
        </div>
    
                                        </div>

                                        <!-- BEGIN CatalogEntryRatingsReviewsInfo.jspf --><!-- productAllowedRatingsAndReviews: true -->
    <div class="reviews">
        
	        <a class="numberOfReviews repressive" href="http://reviews.sainsburys.co.uk//8076-en_gb/7755161-P/writereview.htm?submissionurl=http%3A%2F%2Fwww.sainsburys.co.uk%2Fwebapp%2Fwcs%2Fstores%2Fservlet%2FBVReviewSubmitDisplay%3FcatalogId%3D10199%26storeId%3D10151%26recipe%3D%26langId%3D44%26productId%3D7755161-P&amp;return=http%3A%2F%2Fwww.sainsburys.co.uk%2Fwebapp%2Fwcs%2Fstores%2Fservlet%2FCategoryDisplay%3FpageSize%3D100">
	    Write a review
          	</a>
        
    </div>
<!-- END CatalogEntryRatingsReviewsInfo.jspf -->
                                   </div>
                               <!-- Start AddToSubscriptionList.jspf --><!-- Start AddToSubscriptionList.jsp --><!-- End AddToSubscriptionList.jsp --><!-- End AddToSubscriptionList.jspf -->     
                    </div>
                            
                    
                </div>     
            </div>
            <!--ThumbnailRestriction --><!-- END CatalogEntryThumbnailDisplay.jsp -->
	                            </div>
</li>
	                         

	                            <li class="gridItem" style="min-height: 450px;">
	                                <!-- BEGIN CatalogEntryThumbnailDisplay.jsp --><!-- BEGIN MerchandisingAssociationsDisplay.jsp --><!-- Start - JSP File Name:  MerchandisingAssociationsDisplay.jsp --><!-- END MerchandisingAssociationsDisplay.jsp -->
            <div class="product  highlighted specialOffer straplineRow">
                
                <div class="productInfo">
                    <div class="productNameAndPromotions">
                        
                                  <h3>
                                    <a href="http://www.sainsburys.co.uk/shop/gb/groceries/pre-mixed-cans/kopparberg-frozen-fruit-cider-sorbet-strawberry---lime-250ml">
                                        Kopparberg Frozen Fruit Cider Sorbet Strawberry &amp; Lime 250ml
                                        <img src="http://c2.sainsburys.co.uk/wcsstore7.20.1.145/ExtendedSitesCatalogAssetStore/images/catalog/productImages/05/7393714200105/7393714200105_L.jpeg" alt=""></a>
                                </h3>
                              
    <div class="promotion">
                   
		            <p><a href="http://www.sainsburys.co.uk/shop/PromotionDisplayView?catalogId=10199&amp;langId=44&amp;productId=975950&amp;storeId=10151&amp;promotionId=10232991"><!-- BEGIN include/PromotionStrapline.jspf -->Only Â£2.00: Save 50p<br><!-- FINISH include/PromotionStrapline.jspf --></a></p>
		                        
    </div>

                    </div> 
                </div>
                
        <div class="strapline"><a href="http://www.sainsburys.co.uk/shop/PromotionDisplayView?catalogId=10199&amp;langId=44&amp;productId=975950&amp;storeId=10151&amp;promotionId=10232991"><img src="/wcsstore7.20.1.145/SainsburysStorefrontAssetStore/wcassets/icons/special/img-special-offer.png" alt="Special Offer"></a></div>
    
                <div class="errorBanner hidden" id="error975951"></div>
                <div class="addToTrolleytabBox">   
                    <!--addToTrolleytabBox GRID VIEW --><!-- Start UserSubscribedOrNot.jspf --><!-- Start UserSubscribedOrNot.jsp --><!-- 
			If the user is not logged in, render this opening 
			DIV adding an addtional class to fix the border top which is removed 
			and replaced by the tabs
		-->
		<div class="addToTrolleytabContainer addItemBorderTop">
	<!-- End AddToSubscriptionList.jsp --><!-- End AddSubscriptionList.jspf --><!-- 
                    ATTENTION!!!
                    <div class="addToTrolleytabContainer">
                    This opening div is inside "../../ReusableObjects/UserSubscribedOrNot.jsp"
                    -->
                    <div class="pricingAndTrolleyOptions">
                    	
                                    <div class="priceTab priceTabContainer activeContainer addItem" id="addItem_975951">
                                       <div class="pricing">
                                           
	<p class="pricePerUnit">
    Â£2.00<abbr title="per">/</abbr><abbr title="unit"><span class="pricePerUnitUnit">unit</span></abbr>
</p>
 
    <p class="pricePerMeasure">Â£8.00<abbr title="per">/</abbr><abbr title="litres"><span class="pricePerMeasureMeasure">ltr</span></abbr>
    </p>

                                       </div>                                      

                                     
                                        <div class="addToTrolleyForm "> 
                                           <!-- BEGIN AddToTrolley.jsp -->

		<form class="addToTrolleyForm" name="OrderItemAddForm_975951" action="OrderItemAdd" method="post" id="OrderItemAddForm_975951">
		    <input type="hidden" name="storeId" value="10151"><input type="hidden" name="langId" value="44"><input type="hidden" name="catalogId" value="10241"><input type="hidden" name="errorViewName" value="CategoryDisplayView"><input type="hidden" name="SKU_ID" value="7778879"><input type="hidden" name="itemType" value=""><label class="access" for="quantity_975950">Quantity</label>
		        
					<input name="quantity" id="quantity_975950" type="text" size="3" value="1" class="quantity"><input type="hidden" name="catEntryId" value="975951"><input type="hidden" name="productId" value="975950"><input type="hidden" name="URL" value="http://www.sainsburys.co.uk/webapp/wcs/stores/servlet/CategoryDisplay?msg=&amp;langId=44&amp;storeId=10151&amp;krypto=ujINEMC73wkOWgnVB3i%2FXbBlS4XLFqFhWlJSKIBpyzpzLJDvcPlAmwDvvVWWhKyxD3D6NpcqxM0QUs2KeJdWNDHcWUBBtNR5EpcJ3VFxBINczymq2ORmzlPfYrRAVF7okPLz8b%2B5BeKcs52Zf52%2B8Hs7hZdGFepiFVWzGQtL5Dk%3D&amp;ddkey=http%3Agb%2Fgroceries%2Fdrinks%2Fpre-mixed-cans"><input type="hidden" name="page" value=""><input type="hidden" name="contractId" value=""><input type="hidden" name="calculateOrder" value="1"><input type="hidden" name="calculationUsage" value="-1,-2,-3"><input type="hidden" name="updateable" value="1"><input type="hidden" name="merge" value="***"><input type="hidden" name="callAjax" value="false"><input class="button process" type="submit" name="Add" value="Add">
</form>
	<!-- END AddToTrolley.jsp -->
        <div class="numberInTrolley hidden numberInTrolley_975950" id="numberInTrolley_975950">
            
        </div>
    
                                        </div>

                                        <!-- BEGIN CatalogEntryRatingsReviewsInfo.jspf --><!-- productAllowedRatingsAndReviews: true -->
    <div class="reviews">
        
            <a class="numberOfReviews" href="http://www.sainsburys.co.uk/shop/gb/groceries/pre-mixed-cans/kopparberg-frozen-fruit-cider-sorbet-strawberry---lime-250ml#reviews">
                <img src="http://c2.sainsburys.co.uk/wcsstore7.20.1.145/SainsburysStorefrontAssetStore/img/stars/rating-2_0.gif" alt="2.0" border="0">Â  
                Reviews (1)
            </a>
        
    </div>
<!-- END CatalogEntryRatingsReviewsInfo.jspf -->
                                   </div>
                               <!-- Start AddToSubscriptionList.jspf --><!-- Start AddToSubscriptionList.jsp --><!-- End AddToSubscriptionList.jsp --><!-- End AddToSubscriptionList.jspf -->     
                    </div>
                            
                    
                </div>     
            </div>
            <!--ThumbnailRestriction --><!-- END CatalogEntryThumbnailDisplay.jsp -->
	                            </div>
</li>
	                         

	                            <li class="gridItem" style="min-height: 450px;">
	                                <!-- BEGIN CatalogEntryThumbnailDisplay.jsp --><!-- BEGIN MerchandisingAssociationsDisplay.jsp --><!-- Start - JSP File Name:  MerchandisingAssociationsDisplay.jsp --><!-- END MerchandisingAssociationsDisplay.jsp -->
            <div class="product  highlighted specialOffer straplineRow">
                
                <div class="productInfo">
                    <div class="productNameAndPromotions">
                        
                                  <h3>
                                    <a href="http://www.sainsburys.co.uk/shop/gb/groceries/pre-mixed-cans/kopparberg-summer-fruits-light-cider-250ml">
                                        Kopparberg Summer Fruits Light Cider 250ml
                                        <img src="http://c2.sainsburys.co.uk/wcsstore7.20.1.145/ExtendedSitesCatalogAssetStore/images/catalog/productImages/06/7393714270306/7393714270306_L.jpeg" alt=""></a>
                                </h3>
                              
    <div class="promotion">
                   
		            <p><a href="http://www.sainsburys.co.uk/shop/PromotionDisplayView?catalogId=10199&amp;langId=44&amp;productId=1001808&amp;storeId=10151&amp;promotionId=10232994"><!-- BEGIN include/PromotionStrapline.jspf -->Only Â£1.60: Save 20p<br><!-- FINISH include/PromotionStrapline.jspf --></a></p>
		                        
    </div>

                    </div> 
                </div>
                
        <div class="strapline"><a href="http://www.sainsburys.co.uk/shop/PromotionDisplayView?catalogId=10199&amp;langId=44&amp;productId=1001808&amp;storeId=10151&amp;promotionId=10232994"><img src="/wcsstore7.20.1.145/SainsburysStorefrontAssetStore/wcassets/icons/special/img-special-offer.png" alt="Special Offer"></a></div>
    
                <div class="errorBanner hidden" id="error1001809"></div>
                <div class="addToTrolleytabBox">   
                    <!--addToTrolleytabBox GRID VIEW --><!-- Start UserSubscribedOrNot.jspf --><!-- Start UserSubscribedOrNot.jsp --><!-- 
			If the user is not logged in, render this opening 
			DIV adding an addtional class to fix the border top which is removed 
			and replaced by the tabs
		-->
		<div class="addToTrolleytabContainer addItemBorderTop">
	<!-- End AddToSubscriptionList.jsp --><!-- End AddSubscriptionList.jspf --><!-- 
                    ATTENTION!!!
                    <div class="addToTrolleytabContainer">
                    This opening div is inside "../../ReusableObjects/UserSubscribedOrNot.jsp"
                    -->
                    <div class="pricingAndTrolleyOptions">
                    	
                                    <div class="priceTab priceTabContainer activeContainer addItem" id="addItem_1001809">
                                       <div class="pricing">
                                           
	<p class="pricePerUnit">
    Â£1.60<abbr title="per">/</abbr><abbr title="unit"><span class="pricePerUnitUnit">unit</span></abbr>
</p>
 
    <p class="pricePerMeasure">Â£6.40<abbr title="per">/</abbr><abbr title="litres"><span class="pricePerMeasureMeasure">ltr</span></abbr>
    </p>

                                       </div>                                      

                                     
                                        <div class="addToTrolleyForm "> 
                                           <!-- BEGIN AddToTrolley.jsp -->

		<form class="addToTrolleyForm" name="OrderItemAddForm_1001809" action="OrderItemAdd" method="post" id="OrderItemAddForm_1001809">
		    <input type="hidden" name="storeId" value="10151"><input type="hidden" name="langId" value="44"><input type="hidden" name="catalogId" value="10241"><input type="hidden" name="errorViewName" value="CategoryDisplayView"><input type="hidden" name="SKU_ID" value="7785541"><input type="hidden" name="itemType" value=""><label class="access" for="quantity_1001808">Quantity</label>
		        
					<input name="quantity" id="quantity_1001808" type="text" size="3" value="1" class="quantity"><input type="hidden" name="catEntryId" value="1001809"><input type="hidden" name="productId" value="1001808"><input type="hidden" name="URL" value="http://www.sainsburys.co.uk/webapp/wcs/stores/servlet/CategoryDisplay?msg=&amp;langId=44&amp;storeId=10151&amp;krypto=ujINEMC73wkOWgnVB3i%2FXbBlS4XLFqFhWlJSKIBpyzpzLJDvcPlAmwDvvVWWhKyxD3D6NpcqxM0QUs2KeJdWNDHcWUBBtNR5EpcJ3VFxBINczymq2ORmzlPfYrRAVF7okPLz8b%2B5BeKcs52Zf52%2B8Hs7hZdGFepiFVWzGQtL5Dk%3D&amp;ddkey=http%3Agb%2Fgroceries%2Fdrinks%2Fpre-mixed-cans"><input type="hidden" name="page" value=""><input type="hidden" name="contractId" value=""><input type="hidden" name="calculateOrder" value="1"><input type="hidden" name="calculationUsage" value="-1,-2,-3"><input type="hidden" name="updateable" value="1"><input type="hidden" name="merge" value="***"><input type="hidden" name="callAjax" value="false"><input class="button process" type="submit" name="Add" value="Add">
</form>
	<!-- END AddToTrolley.jsp -->
        <div class="numberInTrolley hidden numberInTrolley_1001808" id="numberInTrolley_1001808">
            
        </div>
    
                                        </div>

                                        <!-- BEGIN CatalogEntryRatingsReviewsInfo.jspf --><!-- productAllowedRatingsAndReviews: true -->
    <div class="reviews">
        
	        <a class="numberOfReviews repressive" href="http://reviews.sainsburys.co.uk//8076-en_gb/7785541-P/writereview.htm?submissionurl=http%3A%2F%2Fwww.sainsburys.co.uk%2Fwebapp%2Fwcs%2Fstores%2Fservlet%2FBVReviewSubmitDisplay%3FcatalogId%3D10199%26storeId%3D10151%26recipe%3D%26langId%3D44%26productId%3D7785541-P&amp;return=http%3A%2F%2Fwww.sainsburys.co.uk%2Fwebapp%2Fwcs%2Fstores%2Fservlet%2FCategoryDisplay%3FpageSize%3D100">
	    Write a review
          	</a>
        
    </div>
<!-- END CatalogEntryRatingsReviewsInfo.jspf -->
                                   </div>
                               <!-- Start AddToSubscriptionList.jspf --><!-- Start AddToSubscriptionList.jsp --><!-- End AddToSubscriptionList.jsp --><!-- End AddToSubscriptionList.jspf -->     
                    </div>
                            
                    
                </div>     
            </div>
            <!--ThumbnailRestriction --><!-- END CatalogEntryThumbnailDisplay.jsp -->
	                            </div>
</li>
	                         

	                            <li class="gridItem" style="min-height: 450px;">
	                                <!-- BEGIN CatalogEntryThumbnailDisplay.jsp --><!-- BEGIN MerchandisingAssociationsDisplay.jsp --><!-- Start - JSP File Name:  MerchandisingAssociationsDisplay.jsp --><!-- END MerchandisingAssociationsDisplay.jsp -->
            <div class="product  highlighted specialOffer straplineRow">
                
                <div class="productInfo">
                    <div class="productNameAndPromotions">
                        
                                  <h3>
                                    <a href="http://www.sainsburys.co.uk/shop/gb/groceries/pre-mixed-cans/malibu---cola-250ml">
                                        Malibu &amp; Cola 250ml
                                        <img src="http://c2.sainsburys.co.uk/wcsstore7.20.1.145/ExtendedSitesCatalogAssetStore/images/catalog/productImages/66/5012461002566/5012461002566_L.jpeg" alt=""></a>
                                </h3>
                              
    <div class="promotion">
                   
		            <p><a href="http://www.sainsburys.co.uk/shop/PromotionDisplayView?catalogId=10199&amp;langId=44&amp;productId=432202&amp;storeId=10151&amp;promotionId=10232982"><!-- BEGIN include/PromotionStrapline.jspf -->Only Â£1.60: Save 20p<br><!-- FINISH include/PromotionStrapline.jspf --></a></p>
		                        
    </div>

                    </div> 
                </div>
                
        <div class="strapline"><a href="http://www.sainsburys.co.uk/shop/PromotionDisplayView?catalogId=10199&amp;langId=44&amp;productId=432202&amp;storeId=10151&amp;promotionId=10232982"><img src="/wcsstore7.20.1.145/SainsburysStorefrontAssetStore/wcassets/icons/special/img-special-offer.png" alt="Special Offer"></a></div>
    
                <div class="errorBanner hidden" id="error432203"></div>
                <div class="addToTrolleytabBox">   
                    <!--addToTrolleytabBox GRID VIEW --><!-- Start UserSubscribedOrNot.jspf --><!-- Start UserSubscribedOrNot.jsp --><!-- 
			If the user is not logged in, render this opening 
			DIV adding an addtional class to fix the border top which is removed 
			and replaced by the tabs
		-->
		<div class="addToTrolleytabContainer addItemBorderTop">
	<!-- End AddToSubscriptionList.jsp --><!-- End AddSubscriptionList.jspf --><!-- 
                    ATTENTION!!!
                    <div class="addToTrolleytabContainer">
                    This opening div is inside "../../ReusableObjects/UserSubscribedOrNot.jsp"
                    -->
                    <div class="pricingAndTrolleyOptions">
                    	
                                    <div class="priceTab priceTabContainer activeContainer addItem" id="addItem_432203">
                                       <div class="pricing">
                                           
	<p class="pricePerUnit">
    Â£1.60<abbr title="per">/</abbr><abbr title="unit"><span class="pricePerUnitUnit">unit</span></abbr>
</p>
 
    <p class="pricePerMeasure">Â£6.40<abbr title="per">/</abbr><abbr title="litres"><span class="pricePerMeasureMeasure">ltr</span></abbr>
    </p>

                                       </div>                                      

                                     
                                        <div class="addToTrolleyForm "> 
                                           <!-- BEGIN AddToTrolley.jsp -->

		<form class="addToTrolleyForm" name="OrderItemAddForm_432203" action="OrderItemAdd" method="post" id="OrderItemAddForm_432203">
		    <input type="hidden" name="storeId" value="10151"><input type="hidden" name="langId" value="44"><input type="hidden" name="catalogId" value="10241"><input type="hidden" name="errorViewName" value="CategoryDisplayView"><input type="hidden" name="SKU_ID" value="7639428"><input type="hidden" name="itemType" value=""><label class="access" for="quantity_432202">Quantity</label>
		        
					<input name="quantity" id="quantity_432202" type="text" size="3" value="1" class="quantity"><input type="hidden" name="catEntryId" value="432203"><input type="hidden" name="productId" value="432202"><input type="hidden" name="URL" value="http://www.sainsburys.co.uk/webapp/wcs/stores/servlet/CategoryDisplay?msg=&amp;langId=44&amp;storeId=10151&amp;krypto=ujINEMC73wkOWgnVB3i%2FXbBlS4XLFqFhWlJSKIBpyzpzLJDvcPlAmwDvvVWWhKyxD3D6NpcqxM0QUs2KeJdWNDHcWUBBtNR5EpcJ3VFxBINczymq2ORmzlPfYrRAVF7okPLz8b%2B5BeKcs52Zf52%2B8Hs7hZdGFepiFVWzGQtL5Dk%3D&amp;ddkey=http%3Agb%2Fgroceries%2Fdrinks%2Fpre-mixed-cans"><input type="hidden" name="page" value=""><input type="hidden" name="contractId" value=""><input type="hidden" name="calculateOrder" value="1"><input type="hidden" name="calculationUsage" value="-1,-2,-3"><input type="hidden" name="updateable" value="1"><input type="hidden" name="merge" value="***"><input type="hidden" name="callAjax" value="false"><input class="button process" type="submit" name="Add" value="Add">
</form>
	<!-- END AddToTrolley.jsp -->
        <div class="numberInTrolley hidden numberInTrolley_432202" id="numberInTrolley_432202">
            
        </div>
    
                                        </div>

                                        <!-- BEGIN CatalogEntryRatingsReviewsInfo.jspf --><!-- productAllowedRatingsAndReviews: true -->
    <div class="reviews">
        
            <a class="numberOfReviews" href="http://www.sainsburys.co.uk/shop/gb/groceries/pre-mixed-cans/malibu---cola-250ml#reviews">
                <img src="http://c2.sainsburys.co.uk/wcsstore7.20.1.145/SainsburysStorefrontAssetStore/img/stars/rating-1_0.gif" alt="1.0" border="0">Â  
                Reviews (1)
            </a>
        
    </div>
<!-- END CatalogEntryRatingsReviewsInfo.jspf -->
                                   </div>
                               <!-- Start AddToSubscriptionList.jspf --><!-- Start AddToSubscriptionList.jsp --><!-- End AddToSubscriptionList.jsp --><!-- End AddToSubscriptionList.jspf -->     
                    </div>
                            
                    
                </div>     
            </div>
            <!--ThumbnailRestriction --><!-- END CatalogEntryThumbnailDisplay.jsp -->
	                            </div>
</li>
	                         

	                            <li class="gridItem" style="min-height: 450px;">
	                                <!-- BEGIN CatalogEntryThumbnailDisplay.jsp --><!-- BEGIN MerchandisingAssociationsDisplay.jsp --><!-- Start - JSP File Name:  MerchandisingAssociationsDisplay.jsp --><!-- END MerchandisingAssociationsDisplay.jsp -->
            <div class="product  highlighted specialOffer straplineRow">
                
                <div class="productInfo">
                    <div class="productNameAndPromotions">
                        
                                  <h3>
                                    <a href="http://www.sainsburys.co.uk/shop/gb/groceries/pre-mixed-cans/malibu---sparkling-pineapple-250ml">
                                        Malibu &amp; Sparkling Pineapple 250ml
                                        <img src="http://c2.sainsburys.co.uk/wcsstore7.20.1.145/ExtendedSitesCatalogAssetStore/images/catalog/productImages/97/5012461002597/5012461002597_L.jpeg" alt=""></a>
                                </h3>
                              
    <div class="promotion">
                   
		            <p><a href="http://www.sainsburys.co.uk/shop/PromotionDisplayView?catalogId=10199&amp;langId=44&amp;productId=432384&amp;storeId=10151&amp;promotionId=10232957"><!-- BEGIN include/PromotionStrapline.jspf -->Only Â£1.60: Save 20p<br><!-- FINISH include/PromotionStrapline.jspf --></a></p>
		                        
    </div>

                    </div> 
                </div>
                
        <div class="strapline"><a href="http://www.sainsburys.co.uk/shop/PromotionDisplayView?catalogId=10199&amp;langId=44&amp;productId=432384&amp;storeId=10151&amp;promotionId=10232957"><img src="/wcsstore7.20.1.145/SainsburysStorefrontAssetStore/wcassets/icons/special/img-special-offer.png" alt="Special Offer"></a></div>
    
                <div class="errorBanner hidden" id="error432385"></div>
                <div class="addToTrolleytabBox">   
                    <!--addToTrolleytabBox GRID VIEW --><!-- Start UserSubscribedOrNot.jspf --><!-- Start UserSubscribedOrNot.jsp --><!-- 
			If the user is not logged in, render this opening 
			DIV adding an addtional class to fix the border top which is removed 
			and replaced by the tabs
		-->
		<div class="addToTrolleytabContainer addItemBorderTop">
	<!-- End AddToSubscriptionList.jsp --><!-- End AddSubscriptionList.jspf --><!-- 
                    ATTENTION!!!
                    <div class="addToTrolleytabContainer">
                    This opening div is inside "../../ReusableObjects/UserSubscribedOrNot.jsp"
                    -->
                    <div class="pricingAndTrolleyOptions">
                    	
                                    <div class="priceTab priceTabContainer activeContainer addItem" id="addItem_432385">
                                       <div class="pricing">
                                           
	<p class="pricePerUnit">
    Â£1.60<abbr title="per">/</abbr><abbr title="unit"><span class="pricePerUnitUnit">unit</span></abbr>
</p>
 
    <p class="pricePerMeasure">Â£6.40<abbr title="per">/</abbr><abbr title="litres"><span class="pricePerMeasureMeasure">ltr</span></abbr>
    </p>

                                       </div>                                      

                                     
                                        <div class="addToTrolleyForm "> 
                                           <!-- BEGIN AddToTrolley.jsp -->

		<form class="addToTrolleyForm" name="OrderItemAddForm_432385" action="OrderItemAdd" method="post" id="OrderItemAddForm_432385">
		    <input type="hidden" name="storeId" value="10151"><input type="hidden" name="langId" value="44"><input type="hidden" name="catalogId" value="10241"><input type="hidden" name="errorViewName" value="CategoryDisplayView"><input type="hidden" name="SKU_ID" value="7639439"><input type="hidden" name="itemType" value=""><label class="access" for="quantity_432384">Quantity</label>
		        
					<input name="quantity" id="quantity_432384" type="text" size="3" value="1" class="quantity"><input type="hidden" name="catEntryId" value="432385"><input type="hidden" name="productId" value="432384"><input type="hidden" name="URL" value="http://www.sainsburys.co.uk/webapp/wcs/stores/servlet/CategoryDisplay?msg=&amp;langId=44&amp;storeId=10151&amp;krypto=ujINEMC73wkOWgnVB3i%2FXbBlS4XLFqFhWlJSKIBpyzpzLJDvcPlAmwDvvVWWhKyxD3D6NpcqxM0QUs2KeJdWNDHcWUBBtNR5EpcJ3VFxBINczymq2ORmzlPfYrRAVF7okPLz8b%2B5BeKcs52Zf52%2B8Hs7hZdGFepiFVWzGQtL5Dk%3D&amp;ddkey=http%3Agb%2Fgroceries%2Fdrinks%2Fpre-mixed-cans"><input type="hidden" name="page" value=""><input type="hidden" name="contractId" value=""><input type="hidden" name="calculateOrder" value="1"><input type="hidden" name="calculationUsage" value="-1,-2,-3"><input type="hidden" name="updateable" value="1"><input type="hidden" name="merge" value="***"><input type="hidden" name="callAjax" value="false"><input class="button process" type="submit" name="Add" value="Add">
</form>
	<!-- END AddToTrolley.jsp -->
        <div class="numberInTrolley hidden numberInTrolley_432384" id="numberInTrolley_432384">
            
        </div>
    
                                        </div>

                                        <!-- BEGIN CatalogEntryRatingsReviewsInfo.jspf --><!-- productAllowedRatingsAndReviews: true -->
    <div class="reviews">
        
            <a class="numberOfReviews" href="http://www.sainsburys.co.uk/shop/gb/groceries/pre-mixed-cans/malibu---sparkling-pineapple-250ml#reviews">
                <img src="http://c2.sainsburys.co.uk/wcsstore7.20.1.145/SainsburysStorefrontAssetStore/img/stars/rating-5_0.gif" alt="5.0" border="0">Â  
                Reviews (1)
            </a>
        
    </div>
<!-- END CatalogEntryRatingsReviewsInfo.jspf -->
                                   </div>
                               <!-- Start AddToSubscriptionList.jspf --><!-- Start AddToSubscriptionList.jsp --><!-- End AddToSubscriptionList.jsp --><!-- End AddToSubscriptionList.jspf -->     
                    </div>
                            
                    
                </div>     
            </div>
            <!--ThumbnailRestriction --><!-- END CatalogEntryThumbnailDisplay.jsp -->
	                            </div>
</li>
	                         

	                            <li class="gridItem" style="min-height: 450px;">
	                                <!-- BEGIN CatalogEntryThumbnailDisplay.jsp --><!-- BEGIN MerchandisingAssociationsDisplay.jsp --><!-- Start - JSP File Name:  MerchandisingAssociationsDisplay.jsp --><!-- END MerchandisingAssociationsDisplay.jsp -->
            <div class="product  highlighted specialOffer straplineRow">
                
                <div class="productInfo">
                    <div class="productNameAndPromotions">
                        
                                  <h3>
                                    <a href="http://www.sainsburys.co.uk/shop/gb/groceries/pre-mixed-cans/malibu-strawberry---kiwi-250ml">
                                        Malibu Strawberry &amp; Kiwi 250ml
                                        <img src="http://c2.sainsburys.co.uk/wcsstore7.20.1.145/ExtendedSitesCatalogAssetStore/images/catalog/productImages/72/5012461004072/5012461004072_L.jpeg" alt=""></a>
                                </h3>
                              
    <div class="promotion">
                   
		            <p><a href="http://www.sainsburys.co.uk/shop/PromotionDisplayView?catalogId=10199&amp;langId=44&amp;productId=1001806&amp;storeId=10151&amp;promotionId=10232969"><!-- BEGIN include/PromotionStrapline.jspf -->Only Â£1.60: Save 20p<br><!-- FINISH include/PromotionStrapline.jspf --></a></p>
		                        
    </div>

                    </div> 
                </div>
                
        <div class="strapline"><a href="http://www.sainsburys.co.uk/shop/PromotionDisplayView?catalogId=10199&amp;langId=44&amp;productId=1001806&amp;storeId=10151&amp;promotionId=10232969"><img src="/wcsstore7.20.1.145/SainsburysStorefrontAssetStore/wcassets/icons/special/img-special-offer.png" alt="Special Offer"></a></div>
    
                <div class="errorBanner hidden" id="error1001807"></div>
                <div class="addToTrolleytabBox">   
                    <!--addToTrolleytabBox GRID VIEW --><!-- Start UserSubscribedOrNot.jspf --><!-- Start UserSubscribedOrNot.jsp --><!-- 
			If the user is not logged in, render this opening 
			DIV adding an addtional class to fix the border top which is removed 
			and replaced by the tabs
		-->
		<div class="addToTrolleytabContainer addItemBorderTop">
	<!-- End AddToSubscriptionList.jsp --><!-- End AddSubscriptionList.jspf --><!-- 
                    ATTENTION!!!
                    <div class="addToTrolleytabContainer">
                    This opening div is inside "../../ReusableObjects/UserSubscribedOrNot.jsp"
                    -->
                    <div class="pricingAndTrolleyOptions">
                    	
                                    <div class="priceTab priceTabContainer activeContainer addItem" id="addItem_1001807">
                                       <div class="pricing">
                                           
	<p class="pricePerUnit">
    Â£1.60<abbr title="per">/</abbr><abbr title="unit"><span class="pricePerUnitUnit">unit</span></abbr>
</p>
 
    <p class="pricePerMeasure">Â£6.40<abbr title="per">/</abbr><abbr title="litres"><span class="pricePerMeasureMeasure">ltr</span></abbr>
    </p>

                                       </div>                                      

                                     
                                        <div class="addToTrolleyForm "> 
                                           <!-- BEGIN AddToTrolley.jsp -->

		<form class="addToTrolleyForm" name="OrderItemAddForm_1001807" action="OrderItemAdd" method="post" id="OrderItemAddForm_1001807">
		    <input type="hidden" name="storeId" value="10151"><input type="hidden" name="langId" value="44"><input type="hidden" name="catalogId" value="10241"><input type="hidden" name="errorViewName" value="CategoryDisplayView"><input type="hidden" name="SKU_ID" value="7785481"><input type="hidden" name="itemType" value=""><label class="access" for="quantity_1001806">Quantity</label>
		        
					<input name="quantity" id="quantity_1001806" type="text" size="3" value="1" class="quantity"><input type="hidden" name="catEntryId" value="1001807"><input type="hidden" name="productId" value="1001806"><input type="hidden" name="URL" value="http://www.sainsburys.co.uk/webapp/wcs/stores/servlet/CategoryDisplay?msg=&amp;langId=44&amp;storeId=10151&amp;krypto=ujINEMC73wkOWgnVB3i%2FXbBlS4XLFqFhWlJSKIBpyzpzLJDvcPlAmwDvvVWWhKyxD3D6NpcqxM0QUs2KeJdWNDHcWUBBtNR5EpcJ3VFxBINczymq2ORmzlPfYrRAVF7okPLz8b%2B5BeKcs52Zf52%2B8Hs7hZdGFepiFVWzGQtL5Dk%3D&amp;ddkey=http%3Agb%2Fgroceries%2Fdrinks%2Fpre-mixed-cans"><input type="hidden" name="page" value=""><input type="hidden" name="contractId" value=""><input type="hidden" name="calculateOrder" value="1"><input type="hidden" name="calculationUsage" value="-1,-2,-3"><input type="hidden" name="updateable" value="1"><input type="hidden" name="merge" value="***"><input type="hidden" name="callAjax" value="false"><input class="button process" type="submit" name="Add" value="Add">
</form>
	<!-- END AddToTrolley.jsp -->
        <div class="numberInTrolley hidden numberInTrolley_1001806" id="numberInTrolley_1001806">
            
        </div>
    
                                        </div>

                                        <!-- BEGIN CatalogEntryRatingsReviewsInfo.jspf --><!-- productAllowedRatingsAndReviews: true -->
    <div class="reviews">
        
            <a class="numberOfReviews" href="http://www.sainsburys.co.uk/shop/gb/groceries/pre-mixed-cans/malibu-strawberry---kiwi-250ml#reviews">
                <img src="http://c2.sainsburys.co.uk/wcsstore7.20.1.145/SainsburysStorefrontAssetStore/img/stars/rating-3_5.gif" alt="3.5" border="0">Â  
                Reviews (2)
            </a>
        
    </div>
<!-- END CatalogEntryRatingsReviewsInfo.jspf -->
                                   </div>
                               <!-- Start AddToSubscriptionList.jspf --><!-- Start AddToSubscriptionList.jsp --><!-- End AddToSubscriptionList.jsp --><!-- End AddToSubscriptionList.jspf -->     
                    </div>
                            
                    
                </div>     
            </div>
            <!--ThumbnailRestriction --><!-- END CatalogEntryThumbnailDisplay.jsp -->
	                            </div>
</li>
	                         

	                            <li class="gridItem" style="min-height: 450px;">
	                                <!-- BEGIN CatalogEntryThumbnailDisplay.jsp --><!-- BEGIN MerchandisingAssociationsDisplay.jsp --><!-- Start - JSP File Name:  MerchandisingAssociationsDisplay.jsp --><!-- END MerchandisingAssociationsDisplay.jsp -->
            <div class="product  straplineRow">
                
                <div class="productInfo">
                    <div class="productNameAndPromotions">
                        
                                  <h3>
                                    <a href="http://www.sainsburys.co.uk/shop/gb/groceries/pre-mixed-cans/pimms---lemonade-250ml">
                                        Pimm's &amp; Lemonade 250ml
                                        <img src="http://c2.sainsburys.co.uk/wcsstore7.20.1.145/ExtendedSitesCatalogAssetStore/images/catalog/productImages/12/5010262025012/5010262025012_L.jpeg" alt=""></a>
                                </h3>
                              
                    </div> 
                </div>
                
                <div class="errorBanner hidden" id="error81637"></div>
                <div class="addToTrolleytabBox">   
                    <!--addToTrolleytabBox GRID VIEW --><!-- Start UserSubscribedOrNot.jspf --><!-- Start UserSubscribedOrNot.jsp --><!-- 
			If the user is not logged in, render this opening 
			DIV adding an addtional class to fix the border top which is removed 
			and replaced by the tabs
		-->
		<div class="addToTrolleytabContainer addItemBorderTop">
	<!-- End AddToSubscriptionList.jsp --><!-- End AddSubscriptionList.jspf --><!-- 
                    ATTENTION!!!
                    <div class="addToTrolleytabContainer">
                    This opening div is inside "../../ReusableObjects/UserSubscribedOrNot.jsp"
                    -->
                    <div class="pricingAndTrolleyOptions">
                    	
                                    <div class="priceTab priceTabContainer activeContainer addItem" id="addItem_81637">
                                       <div class="pricing">
                                           
	<p class="pricePerUnit">
    Â£1.80<abbr title="per">/</abbr><abbr title="unit"><span class="pricePerUnitUnit">unit</span></abbr>
</p>
 
    <p class="pricePerMeasure">Â£7.20<abbr title="per">/</abbr><abbr title="litres"><span class="pricePerMeasureMeasure">ltr</span></abbr>
    </p>

                                       </div>                                      

                                     
                                        <div class="addToTrolleyForm "> 
                                           <!-- BEGIN AddToTrolley.jsp -->

		<form class="addToTrolleyForm" name="OrderItemAddForm_81637" action="OrderItemAdd" method="post" id="OrderItemAddForm_81637">
		    <input type="hidden" name="storeId" value="10151"><input type="hidden" name="langId" value="44"><input type="hidden" name="catalogId" value="10241"><input type="hidden" name="errorViewName" value="CategoryDisplayView"><input type="hidden" name="SKU_ID" value="2639208"><input type="hidden" name="itemType" value=""><label class="access" for="quantity_81636">Quantity</label>
		        
					<input name="quantity" id="quantity_81636" type="text" size="3" value="1" class="quantity"><input type="hidden" name="catEntryId" value="81637"><input type="hidden" name="productId" value="81636"><input type="hidden" name="URL" value="http://www.sainsburys.co.uk/webapp/wcs/stores/servlet/CategoryDisplay?msg=&amp;langId=44&amp;storeId=10151&amp;krypto=ujINEMC73wkOWgnVB3i%2FXbBlS4XLFqFhWlJSKIBpyzpzLJDvcPlAmwDvvVWWhKyxD3D6NpcqxM0QUs2KeJdWNDHcWUBBtNR5EpcJ3VFxBINczymq2ORmzlPfYrRAVF7okPLz8b%2B5BeKcs52Zf52%2B8Hs7hZdGFepiFVWzGQtL5Dk%3D&amp;ddkey=http%3Agb%2Fgroceries%2Fdrinks%2Fpre-mixed-cans"><input type="hidden" name="page" value=""><input type="hidden" name="contractId" value=""><input type="hidden" name="calculateOrder" value="1"><input type="hidden" name="calculationUsage" value="-1,-2,-3"><input type="hidden" name="updateable" value="1"><input type="hidden" name="merge" value="***"><input type="hidden" name="callAjax" value="false"><input class="button process" type="submit" name="Add" value="Add">
</form>
	<!-- END AddToTrolley.jsp -->
        <div class="numberInTrolley hidden numberInTrolley_81636" id="numberInTrolley_81636">
            
        </div>
    
                                        </div>

                                        <!-- BEGIN CatalogEntryRatingsReviewsInfo.jspf --><!-- productAllowedRatingsAndReviews: true -->
    <div class="reviews">
        
            <a class="numberOfReviews" href="http://www.sainsburys.co.uk/shop/gb/groceries/pre-mixed-cans/pimms---lemonade-250ml#reviews">
                <img src="http://c2.sainsburys.co.uk/wcsstore7.20.1.145/SainsburysStorefrontAssetStore/img/stars/rating-5_0.gif" alt="5.0" border="0">Â  
                Reviews (1)
            </a>
        
    </div>
<!-- END CatalogEntryRatingsReviewsInfo.jspf -->
                                   </div>
                               <!-- Start AddToSubscriptionList.jspf --><!-- Start AddToSubscriptionList.jsp --><!-- End AddToSubscriptionList.jsp --><!-- End AddToSubscriptionList.jspf -->     
                    </div>
                            
                    
                </div>     
            </div>
            <!--ThumbnailRestriction --><!-- END CatalogEntryThumbnailDisplay.jsp -->
	                            </div>
</li>
	                         

	                            <li class="gridItem" style="min-height: 404px;">
	                                <!-- BEGIN CatalogEntryThumbnailDisplay.jsp --><!-- BEGIN MerchandisingAssociationsDisplay.jsp --><!-- Start - JSP File Name:  MerchandisingAssociationsDisplay.jsp --><!-- END MerchandisingAssociationsDisplay.jsp -->
            <div class="product ">
                
                <div class="productInfo">
                    <div class="productNameAndPromotions">
                        
                                  <h3>
                                    <a href="http://www.sainsburys.co.uk/shop/gb/groceries/pre-mixed-cans/pimms-4x250ml">
                                        Pimm's 4x250ml
                                        <img src="http://c2.sainsburys.co.uk/wcsstore7.20.1.145/ExtendedSitesCatalogAssetStore/images/catalog/productImages/52/5010262702852/5010262702852_L.jpeg" alt=""></a>
                                </h3>
                              
                    </div> 
                </div>
                
                <div class="errorBanner hidden" id="error1039601"></div>
                <div class="addToTrolleytabBox">   
                    <!--addToTrolleytabBox GRID VIEW --><!-- Start UserSubscribedOrNot.jspf --><!-- Start UserSubscribedOrNot.jsp --><!-- 
			If the user is not logged in, render this opening 
			DIV adding an addtional class to fix the border top which is removed 
			and replaced by the tabs
		-->
		<div class="addToTrolleytabContainer addItemBorderTop">
	<!-- End AddToSubscriptionList.jsp --><!-- End AddSubscriptionList.jspf --><!-- 
                    ATTENTION!!!
                    <div class="addToTrolleytabContainer">
                    This opening div is inside "../../ReusableObjects/UserSubscribedOrNot.jsp"
                    -->
                    <div class="pricingAndTrolleyOptions">
                    	
                                    <div class="priceTab priceTabContainer activeContainer addItem" id="addItem_1039601">
                                       <div class="pricing">
                                           
	<p class="pricePerUnit">
    Â£6.00<abbr title="per">/</abbr><abbr title="unit"><span class="pricePerUnitUnit">unit</span></abbr>
</p>
 
    <p class="pricePerMeasure">Â£6.00<abbr title="per">/</abbr><abbr title="litres"><span class="pricePerMeasureMeasure">ltr</span></abbr>
    </p>

                                       </div>                                      

                                     
                                        <div class="addToTrolleyForm "> 
                                           <!-- BEGIN AddToTrolley.jsp -->

		<form class="addToTrolleyForm" name="OrderItemAddForm_1039601" action="OrderItemAdd" method="post" id="OrderItemAddForm_1039601">
		    <input type="hidden" name="storeId" value="10151"><input type="hidden" name="langId" value="44"><input type="hidden" name="catalogId" value="10241"><input type="hidden" name="errorViewName" value="CategoryDisplayView"><input type="hidden" name="SKU_ID" value="7804962"><input type="hidden" name="itemType" value=""><label class="access" for="quantity_1039600">Quantity</label>
		        
					<input name="quantity" id="quantity_1039600" type="text" size="3" value="1" class="quantity"><input type="hidden" name="catEntryId" value="1039601"><input type="hidden" name="productId" value="1039600"><input type="hidden" name="URL" value="http://www.sainsburys.co.uk/webapp/wcs/stores/servlet/CategoryDisplay?msg=&amp;langId=44&amp;storeId=10151&amp;krypto=ujINEMC73wkOWgnVB3i%2FXbBlS4XLFqFhWlJSKIBpyzpzLJDvcPlAmwDvvVWWhKyxD3D6NpcqxM0QUs2KeJdWNDHcWUBBtNR5EpcJ3VFxBINczymq2ORmzlPfYrRAVF7okPLz8b%2B5BeKcs52Zf52%2B8Hs7hZdGFepiFVWzGQtL5Dk%3D&amp;ddkey=http%3Agb%2Fgroceries%2Fdrinks%2Fpre-mixed-cans"><input type="hidden" name="page" value=""><input type="hidden" name="contractId" value=""><input type="hidden" name="calculateOrder" value="1"><input type="hidden" name="calculationUsage" value="-1,-2,-3"><input type="hidden" name="updateable" value="1"><input type="hidden" name="merge" value="***"><input type="hidden" name="callAjax" value="false"><input class="button process" type="submit" name="Add" value="Add">
</form>
	<!-- END AddToTrolley.jsp -->
        <div class="numberInTrolley hidden numberInTrolley_1039600" id="numberInTrolley_1039600">
            
        </div>
    
                                        </div>

                                        <!-- BEGIN CatalogEntryRatingsReviewsInfo.jspf --><!-- productAllowedRatingsAndReviews: true -->
    <div class="reviews">
        
	        <a class="numberOfReviews repressive" href="http://reviews.sainsburys.co.uk//8076-en_gb/7804962-P/writereview.htm?submissionurl=http%3A%2F%2Fwww.sainsburys.co.uk%2Fwebapp%2Fwcs%2Fstores%2Fservlet%2FBVReviewSubmitDisplay%3FcatalogId%3D10199%26storeId%3D10151%26recipe%3D%26langId%3D44%26productId%3D7804962-P&amp;return=http%3A%2F%2Fwww.sainsburys.co.uk%2Fwebapp%2Fwcs%2Fstores%2Fservlet%2FCategoryDisplay%3FpageSize%3D100">
	    Write a review
          	</a>
        
    </div>
<!-- END CatalogEntryRatingsReviewsInfo.jspf -->
                                   </div>
                               <!-- Start AddToSubscriptionList.jspf --><!-- Start AddToSubscriptionList.jsp --><!-- End AddToSubscriptionList.jsp --><!-- End AddToSubscriptionList.jspf -->     
                    </div>
                            
                    
                </div>     
            </div>
            <!--ThumbnailRestriction --><!-- END CatalogEntryThumbnailDisplay.jsp -->
	                            </div>
</li>
	                         

	                            <li class="gridItem" style="min-height: 404px;">
	                                <!-- BEGIN CatalogEntryThumbnailDisplay.jsp --><!-- BEGIN MerchandisingAssociationsDisplay.jsp --><!-- Start - JSP File Name:  MerchandisingAssociationsDisplay.jsp --><!-- END MerchandisingAssociationsDisplay.jsp -->
            <div class="product ">
                
                <div class="productInfo">
                    <div class="productNameAndPromotions">
                        
                                  <h3>
                                    <a href="http://www.sainsburys.co.uk/shop/gb/groceries/pre-mixed-cans/pimms-blackberry---elderflower-250ml">
                                        Pimm's Blackberry &amp; Elderflower 250ml
                                        <img src="http://c2.sainsburys.co.uk/wcsstore7.20.1.145/ExtendedSitesCatalogAssetStore/images/catalog/productImages/12/5010262702012/5010262702012_L.jpeg" alt=""></a>
                                </h3>
                              
                    </div> 
                </div>
                
                <div class="errorBanner hidden" id="error584561"></div>
                <div class="addToTrolleytabBox">   
                    <!--addToTrolleytabBox GRID VIEW --><!-- Start UserSubscribedOrNot.jspf --><!-- Start UserSubscribedOrNot.jsp --><!-- 
			If the user is not logged in, render this opening 
			DIV adding an addtional class to fix the border top which is removed 
			and replaced by the tabs
		-->
		<div class="addToTrolleytabContainer addItemBorderTop">
	<!-- End AddToSubscriptionList.jsp --><!-- End AddSubscriptionList.jspf --><!-- 
                    ATTENTION!!!
                    <div class="addToTrolleytabContainer">
                    This opening div is inside "../../ReusableObjects/UserSubscribedOrNot.jsp"
                    -->
                    <div class="pricingAndTrolleyOptions">
                    	
                                    <div class="priceTab priceTabContainer activeContainer addItem" id="addItem_584561">
                                       <div class="pricing">
                                           
	<p class="pricePerUnit">
    Â£1.80<abbr title="per">/</abbr><abbr title="unit"><span class="pricePerUnitUnit">unit</span></abbr>
</p>
 
    <p class="pricePerMeasure">Â£7.20<abbr title="per">/</abbr><abbr title="litres"><span class="pricePerMeasureMeasure">ltr</span></abbr>
    </p>

                                       </div>                                      

                                     
                                        <div class="addToTrolleyForm "> 
                                           <!-- BEGIN AddToTrolley.jsp -->

		<form class="addToTrolleyForm" name="OrderItemAddForm_584561" action="OrderItemAdd" method="post" id="OrderItemAddForm_584561">
		    <input type="hidden" name="storeId" value="10151"><input type="hidden" name="langId" value="44"><input type="hidden" name="catalogId" value="10241"><input type="hidden" name="errorViewName" value="CategoryDisplayView"><input type="hidden" name="SKU_ID" value="7683302"><input type="hidden" name="itemType" value=""><label class="access" for="quantity_584560">Quantity</label>
		        
					<input name="quantity" id="quantity_584560" type="text" size="3" value="1" class="quantity"><input type="hidden" name="catEntryId" value="584561"><input type="hidden" name="productId" value="584560"><input type="hidden" name="URL" value="http://www.sainsburys.co.uk/webapp/wcs/stores/servlet/CategoryDisplay?msg=&amp;langId=44&amp;storeId=10151&amp;krypto=ujINEMC73wkOWgnVB3i%2FXbBlS4XLFqFhWlJSKIBpyzpzLJDvcPlAmwDvvVWWhKyxD3D6NpcqxM0QUs2KeJdWNDHcWUBBtNR5EpcJ3VFxBINczymq2ORmzlPfYrRAVF7okPLz8b%2B5BeKcs52Zf52%2B8Hs7hZdGFepiFVWzGQtL5Dk%3D&amp;ddkey=http%3Agb%2Fgroceries%2Fdrinks%2Fpre-mixed-cans"><input type="hidden" name="page" value=""><input type="hidden" name="contractId" value=""><input type="hidden" name="calculateOrder" value="1"><input type="hidden" name="calculationUsage" value="-1,-2,-3"><input type="hidden" name="updateable" value="1"><input type="hidden" name="merge" value="***"><input type="hidden" name="callAjax" value="false"><input class="button process" type="submit" name="Add" value="Add">
</form>
	<!-- END AddToTrolley.jsp -->
        <div class="numberInTrolley hidden numberInTrolley_584560" id="numberInTrolley_584560">
            
        </div>
    
                                        </div>

                                        <!-- BEGIN CatalogEntryRatingsReviewsInfo.jspf --><!-- productAllowedRatingsAndReviews: true -->
    <div class="reviews">
        
	        <a class="numberOfReviews repressive" href="http://reviews.sainsburys.co.uk//8076-en_gb/7683302-P/writereview.htm?submissionurl=http%3A%2F%2Fwww.sainsburys.co.uk%2Fwebapp%2Fwcs%2Fstores%2Fservlet%2FBVReviewSubmitDisplay%3FcatalogId%3D10199%26storeId%3D10151%26recipe%3D%26langId%3D44%26productId%3D7683302-P&amp;return=http%3A%2F%2Fwww.sainsburys.co.uk%2Fwebapp%2Fwcs%2Fstores%2Fservlet%2FCategoryDisplay%3FpageSize%3D100">
	    Write a review
          	</a>
        
    </div>
<!-- END CatalogEntryRatingsReviewsInfo.jspf -->
                                   </div>
                               <!-- Start AddToSubscriptionList.jspf --><!-- Start AddToSubscriptionList.jsp --><!-- End AddToSubscriptionList.jsp --><!-- End AddToSubscriptionList.jspf -->     
                    </div>
                            
                    
                </div>     
            </div>
            <!--ThumbnailRestriction --><!-- END CatalogEntryThumbnailDisplay.jsp -->
	                            </div>
</li>
	                         

	                            <li class="gridItem" style="min-height: 404px;">
	                                <!-- BEGIN CatalogEntryThumbnailDisplay.jsp --><!-- BEGIN MerchandisingAssociationsDisplay.jsp --><!-- Start - JSP File Name:  MerchandisingAssociationsDisplay.jsp --><!-- END MerchandisingAssociationsDisplay.jsp -->
            <div class="product ">
                
                <div class="productInfo">
                    <div class="productNameAndPromotions">
                        
                                  <h3>
                                    <a href="http://www.sainsburys.co.uk/shop/gb/groceries/pre-mixed-cans/smirnoff---cranberry-juice-250ml">
                                        Smirnoff &amp; Cranberry Juice 250ml
                                        <img src="http://c2.sainsburys.co.uk/wcsstore7.20.1.145/ExtendedSitesCatalogAssetStore/images/catalog/productImages/18/5410316945318/5410316945318_L.jpeg" alt=""></a>
                                </h3>
                              
                    </div> 
                </div>
                
                <div class="errorBanner hidden" id="error93305"></div>
                <div class="addToTrolleytabBox">   
                    <!--addToTrolleytabBox GRID VIEW --><!-- Start UserSubscribedOrNot.jspf --><!-- Start UserSubscribedOrNot.jsp --><!-- 
			If the user is not logged in, render this opening 
			DIV adding an addtional class to fix the border top which is removed 
			and replaced by the tabs
		-->
		<div class="addToTrolleytabContainer addItemBorderTop">
	<!-- End AddToSubscriptionList.jsp --><!-- End AddSubscriptionList.jspf --><!-- 
                    ATTENTION!!!
                    <div class="addToTrolleytabContainer">
                    This opening div is inside "../../ReusableObjects/UserSubscribedOrNot.jsp"
                    -->
                    <div class="pricingAndTrolleyOptions">
                    	
                                    <div class="priceTab priceTabContainer activeContainer addItem" id="addItem_93305">
                                       <div class="pricing">
                                           
	<p class="pricePerUnit">
    Â£1.80<abbr title="per">/</abbr><abbr title="unit"><span class="pricePerUnitUnit">unit</span></abbr>
</p>
 
    <p class="pricePerMeasure">Â£7.20<abbr title="per">/</abbr><abbr title="litres"><span class="pricePerMeasureMeasure">ltr</span></abbr>
    </p>

                                       </div>                                      

                                     
                                        <div class="addToTrolleyForm "> 
                                           <!-- BEGIN AddToTrolley.jsp -->

		<form class="addToTrolleyForm" name="OrderItemAddForm_93305" action="OrderItemAdd" method="post" id="OrderItemAddForm_93305">
		    <input type="hidden" name="storeId" value="10151"><input type="hidden" name="langId" value="44"><input type="hidden" name="catalogId" value="10241"><input type="hidden" name="errorViewName" value="CategoryDisplayView"><input type="hidden" name="SKU_ID" value="6806182"><input type="hidden" name="itemType" value=""><label class="access" for="quantity_93304">Quantity</label>
		        
					<input name="quantity" id="quantity_93304" type="text" size="3" value="1" class="quantity"><input type="hidden" name="catEntryId" value="93305"><input type="hidden" name="productId" value="93304"><input type="hidden" name="URL" value="http://www.sainsburys.co.uk/webapp/wcs/stores/servlet/CategoryDisplay?msg=&amp;langId=44&amp;storeId=10151&amp;krypto=ujINEMC73wkOWgnVB3i%2FXbBlS4XLFqFhWlJSKIBpyzpzLJDvcPlAmwDvvVWWhKyxD3D6NpcqxM0QUs2KeJdWNDHcWUBBtNR5EpcJ3VFxBINczymq2ORmzlPfYrRAVF7okPLz8b%2B5BeKcs52Zf52%2B8Hs7hZdGFepiFVWzGQtL5Dk%3D&amp;ddkey=http%3Agb%2Fgroceries%2Fdrinks%2Fpre-mixed-cans"><input type="hidden" name="page" value=""><input type="hidden" name="contractId" value=""><input type="hidden" name="calculateOrder" value="1"><input type="hidden" name="calculationUsage" value="-1,-2,-3"><input type="hidden" name="updateable" value="1"><input type="hidden" name="merge" value="***"><input type="hidden" name="callAjax" value="false"><input class="button process" type="submit" name="Add" value="Add">
</form>
	<!-- END AddToTrolley.jsp -->
        <div class="numberInTrolley hidden numberInTrolley_93304" id="numberInTrolley_93304">
            
        </div>
    
                                        </div>

                                        <!-- BEGIN CatalogEntryRatingsReviewsInfo.jspf --><!-- productAllowedRatingsAndReviews: true -->
    <div class="reviews">
        
	        <a class="numberOfReviews repressive" href="http://reviews.sainsburys.co.uk//8076-en_gb/6806182-P/writereview.htm?submissionurl=http%3A%2F%2Fwww.sainsburys.co.uk%2Fwebapp%2Fwcs%2Fstores%2Fservlet%2FBVReviewSubmitDisplay%3FcatalogId%3D10199%26storeId%3D10151%26recipe%3D%26langId%3D44%26productId%3D6806182-P&amp;return=http%3A%2F%2Fwww.sainsburys.co.uk%2Fwebapp%2Fwcs%2Fstores%2Fservlet%2FCategoryDisplay%3FpageSize%3D100">
	    Write a review
          	</a>
        
    </div>
<!-- END CatalogEntryRatingsReviewsInfo.jspf -->
                                   </div>
                               <!-- Start AddToSubscriptionList.jspf --><!-- Start AddToSubscriptionList.jsp --><!-- End AddToSubscriptionList.jsp --><!-- End AddToSubscriptionList.jspf -->     
                    </div>
                            
                    
                </div>     
            </div>
            <!--ThumbnailRestriction --><!-- END CatalogEntryThumbnailDisplay.jsp -->
	                            </div>
</li>
	                         

	                            <li class="gridItem" style="min-height: 406px;">
	                                <!-- BEGIN CatalogEntryThumbnailDisplay.jsp --><!-- BEGIN MerchandisingAssociationsDisplay.jsp --><!-- Start - JSP File Name:  MerchandisingAssociationsDisplay.jsp --><!-- END MerchandisingAssociationsDisplay.jsp -->
            <div class="product ">
                
                <div class="productInfo">
                    <div class="productNameAndPromotions">
                        
                                  <h3>
                                    <a href="http://www.sainsburys.co.uk/shop/gb/groceries/pre-mixed-cans/smirnoff---diet-cola-250ml">
                                        Smirnoff &amp; Diet Cola 250ml
                                        <img src="http://c2.sainsburys.co.uk/wcsstore7.20.1.145/ExtendedSitesCatalogAssetStore/images/catalog/productImages/99/5410316945899/5410316945899_L.jpeg" alt=""></a>
                                </h3>
                              
                    </div> 
                </div>
                
                <div class="errorBanner hidden" id="error581851"></div>
                <div class="addToTrolleytabBox">   
                    <!--addToTrolleytabBox GRID VIEW --><!-- Start UserSubscribedOrNot.jspf --><!-- Start UserSubscribedOrNot.jsp --><!-- 
			If the user is not logged in, render this opening 
			DIV adding an addtional class to fix the border top which is removed 
			and replaced by the tabs
		-->
		<div class="addToTrolleytabContainer addItemBorderTop">
	<!-- End AddToSubscriptionList.jsp --><!-- End AddSubscriptionList.jspf --><!-- 
                    ATTENTION!!!
                    <div class="addToTrolleytabContainer">
                    This opening div is inside "../../ReusableObjects/UserSubscribedOrNot.jsp"
                    -->
                    <div class="pricingAndTrolleyOptions">
                    	
                                    <div class="priceTab priceTabContainer activeContainer addItem" id="addItem_581851">
                                       <div class="pricing">
                                           
	<p class="pricePerUnit">
    Â£1.80<abbr title="per">/</abbr><abbr title="unit"><span class="pricePerUnitUnit">unit</span></abbr>
</p>
 
    <p class="pricePerMeasure">Â£7.20<abbr title="per">/</abbr><abbr title="litres"><span class="pricePerMeasureMeasure">ltr</span></abbr>
    </p>

                                       </div>                                      

                                     
                                        <div class="addToTrolleyForm "> 
                                           <!-- BEGIN AddToTrolley.jsp -->

		<form class="addToTrolleyForm" name="OrderItemAddForm_581851" action="OrderItemAdd" method="post" id="OrderItemAddForm_581851">
		    <input type="hidden" name="storeId" value="10151"><input type="hidden" name="langId" value="44"><input type="hidden" name="catalogId" value="10241"><input type="hidden" name="errorViewName" value="CategoryDisplayView"><input type="hidden" name="SKU_ID" value="7442675"><input type="hidden" name="itemType" value=""><label class="access" for="quantity_581850">Quantity</label>
		        
					<input name="quantity" id="quantity_581850" type="text" size="3" value="1" class="quantity"><input type="hidden" name="catEntryId" value="581851"><input type="hidden" name="productId" value="581850"><input type="hidden" name="URL" value="http://www.sainsburys.co.uk/webapp/wcs/stores/servlet/CategoryDisplay?msg=&amp;langId=44&amp;storeId=10151&amp;krypto=ujINEMC73wkOWgnVB3i%2FXbBlS4XLFqFhWlJSKIBpyzpzLJDvcPlAmwDvvVWWhKyxD3D6NpcqxM0QUs2KeJdWNDHcWUBBtNR5EpcJ3VFxBINczymq2ORmzlPfYrRAVF7okPLz8b%2B5BeKcs52Zf52%2B8Hs7hZdGFepiFVWzGQtL5Dk%3D&amp;ddkey=http%3Agb%2Fgroceries%2Fdrinks%2Fpre-mixed-cans"><input type="hidden" name="page" value=""><input type="hidden" name="contractId" value=""><input type="hidden" name="calculateOrder" value="1"><input type="hidden" name="calculationUsage" value="-1,-2,-3"><input type="hidden" name="updateable" value="1"><input type="hidden" name="merge" value="***"><input type="hidden" name="callAjax" value="false"><input class="button process" type="submit" name="Add" value="Add">
</form>
	<!-- END AddToTrolley.jsp -->
        <div class="numberInTrolley hidden numberInTrolley_581850" id="numberInTrolley_581850">
            
        </div>
    
                                        </div>

                                        <!-- BEGIN CatalogEntryRatingsReviewsInfo.jspf --><!-- productAllowedRatingsAndReviews: true -->
    <div class="reviews">
        
	        <a class="numberOfReviews repressive" href="http://reviews.sainsburys.co.uk//8076-en_gb/7442675-P/writereview.htm?submissionurl=http%3A%2F%2Fwww.sainsburys.co.uk%2Fwebapp%2Fwcs%2Fstores%2Fservlet%2FBVReviewSubmitDisplay%3FcatalogId%3D10199%26storeId%3D10151%26recipe%3D%26langId%3D44%26productId%3D7442675-P&amp;return=http%3A%2F%2Fwww.sainsburys.co.uk%2Fwebapp%2Fwcs%2Fstores%2Fservlet%2FCategoryDisplay%3FpageSize%3D100">
	    Write a review
          	</a>
        
    </div>
<!-- END CatalogEntryRatingsReviewsInfo.jspf -->
                                   </div>
                               <!-- Start AddToSubscriptionList.jspf --><!-- Start AddToSubscriptionList.jsp --><!-- End AddToSubscriptionList.jsp --><!-- End AddToSubscriptionList.jspf -->     
                    </div>
                            
                    
                </div>     
            </div>
            <!--ThumbnailRestriction --><!-- END CatalogEntryThumbnailDisplay.jsp -->
	                            </div>
</li>
	                         

	                            <li class="gridItem" style="min-height: 406px;">
	                                <!-- BEGIN CatalogEntryThumbnailDisplay.jsp --><!-- BEGIN MerchandisingAssociationsDisplay.jsp --><!-- Start - JSP File Name:  MerchandisingAssociationsDisplay.jsp --><!-- END MerchandisingAssociationsDisplay.jsp -->
            <div class="product ">
                
                <div class="productInfo">
                    <div class="productNameAndPromotions">
                        
                                  <h3>
                                    <a href="http://www.sainsburys.co.uk/shop/gb/groceries/pre-mixed-cans/smirnoff-vodka---applebite-can-250ml">
                                        Smirnoff Vodka &amp; Applebite Can 250ml
                                        <img src="http://c2.sainsburys.co.uk/wcsstore7.20.1.145/ExtendedSitesCatalogAssetStore/images/catalog/productImages/27/5410316943727/5410316943727_L.jpeg" alt=""></a>
                                </h3>
                              
                    </div> 
                </div>
                
                <div class="errorBanner hidden" id="error584555"></div>
                <div class="addToTrolleytabBox">   
                    <!--addToTrolleytabBox GRID VIEW --><!-- Start UserSubscribedOrNot.jspf --><!-- Start UserSubscribedOrNot.jsp --><!-- 
			If the user is not logged in, render this opening 
			DIV adding an addtional class to fix the border top which is removed 
			and replaced by the tabs
		-->
		<div class="addToTrolleytabContainer addItemBorderTop">
	<!-- End AddToSubscriptionList.jsp --><!-- End AddSubscriptionList.jspf --><!-- 
                    ATTENTION!!!
                    <div class="addToTrolleytabContainer">
                    This opening div is inside "../../ReusableObjects/UserSubscribedOrNot.jsp"
                    -->
                    <div class="pricingAndTrolleyOptions">
                    	
                                    <div class="priceTab priceTabContainer activeContainer addItem" id="addItem_584555">
                                       <div class="pricing">
                                           
	<p class="pricePerUnit">
    Â£1.80<abbr title="per">/</abbr><abbr title="unit"><span class="pricePerUnitUnit">unit</span></abbr>
</p>
 
    <p class="pricePerMeasure">Â£7.20<abbr title="per">/</abbr><abbr title="litres"><span class="pricePerMeasureMeasure">ltr</span></abbr>
    </p>

                                       </div>                                      

                                     
                                        <div class="addToTrolleyForm "> 
                                           <!-- BEGIN AddToTrolley.jsp -->

		<form class="addToTrolleyForm" name="OrderItemAddForm_584555" action="OrderItemAdd" method="post" id="OrderItemAddForm_584555">
		    <input type="hidden" name="storeId" value="10151"><input type="hidden" name="langId" value="44"><input type="hidden" name="catalogId" value="10241"><input type="hidden" name="errorViewName" value="CategoryDisplayView"><input type="hidden" name="SKU_ID" value="7683284"><input type="hidden" name="itemType" value=""><label class="access" for="quantity_584554">Quantity</label>
		        
					<input name="quantity" id="quantity_584554" type="text" size="3" value="1" class="quantity"><input type="hidden" name="catEntryId" value="584555"><input type="hidden" name="productId" value="584554"><input type="hidden" name="URL" value="http://www.sainsburys.co.uk/webapp/wcs/stores/servlet/CategoryDisplay?msg=&amp;langId=44&amp;storeId=10151&amp;krypto=ujINEMC73wkOWgnVB3i%2FXbBlS4XLFqFhWlJSKIBpyzpzLJDvcPlAmwDvvVWWhKyxD3D6NpcqxM0QUs2KeJdWNDHcWUBBtNR5EpcJ3VFxBINczymq2ORmzlPfYrRAVF7okPLz8b%2B5BeKcs52Zf52%2B8Hs7hZdGFepiFVWzGQtL5Dk%3D&amp;ddkey=http%3Agb%2Fgroceries%2Fdrinks%2Fpre-mixed-cans"><input type="hidden" name="page" value=""><input type="hidden" name="contractId" value=""><input type="hidden" name="calculateOrder" value="1"><input type="hidden" name="calculationUsage" value="-1,-2,-3"><input type="hidden" name="updateable" value="1"><input type="hidden" name="merge" value="***"><input type="hidden" name="callAjax" value="false"><input class="button process" type="submit" name="Add" value="Add">
</form>
	<!-- END AddToTrolley.jsp -->
        <div class="numberInTrolley hidden numberInTrolley_584554" id="numberInTrolley_584554">
            
        </div>
    
                                        </div>

                                        <!-- BEGIN CatalogEntryRatingsReviewsInfo.jspf --><!-- productAllowedRatingsAndReviews: true -->
    <div class="reviews">
        
            <a class="numberOfReviews" href="http://www.sainsburys.co.uk/shop/gb/groceries/pre-mixed-cans/smirnoff-vodka---applebite-can-250ml#reviews">
                <img src="http://c2.sainsburys.co.uk/wcsstore7.20.1.145/SainsburysStorefrontAssetStore/img/stars/rating-4_0.gif" alt="4.0" border="0">Â  
                Reviews (1)
            </a>
        
    </div>
<!-- END CatalogEntryRatingsReviewsInfo.jspf -->
                                   </div>
                               <!-- Start AddToSubscriptionList.jspf --><!-- Start AddToSubscriptionList.jsp --><!-- End AddToSubscriptionList.jsp --><!-- End AddToSubscriptionList.jspf -->     
                    </div>
                            
                    
                </div>     
            </div>
            <!--ThumbnailRestriction --><!-- END CatalogEntryThumbnailDisplay.jsp -->
	                            </div>
</li>
	                         

	                            <li class="gridItem" style="min-height: 406px;">
	                                <!-- BEGIN CatalogEntryThumbnailDisplay.jsp --><!-- BEGIN MerchandisingAssociationsDisplay.jsp --><!-- Start - JSP File Name:  MerchandisingAssociationsDisplay.jsp --><!-- END MerchandisingAssociationsDisplay.jsp -->
            <div class="product ">
                
                <div class="productInfo">
                    <div class="productNameAndPromotions">
                        
                                  <h3>
                                    <a href="http://www.sainsburys.co.uk/shop/gb/groceries/pre-mixed-cans/southern-comfort-lemonade---lime-can-250ml">
                                        Southern Comfort Lemonade &amp; Lime Can 250ml
                                        <img src="http://c2.sainsburys.co.uk/wcsstore7.20.1.145/ExtendedSitesCatalogAssetStore/images/catalog/productImages/57/5099873009857/5099873009857_L.jpeg" alt=""></a>
                                </h3>
                              
                    </div> 
                </div>
                
                <div class="errorBanner hidden" id="error95159"></div>
                <div class="addToTrolleytabBox">   
                    <!--addToTrolleytabBox GRID VIEW --><!-- Start UserSubscribedOrNot.jspf --><!-- Start UserSubscribedOrNot.jsp --><!-- 
			If the user is not logged in, render this opening 
			DIV adding an addtional class to fix the border top which is removed 
			and replaced by the tabs
		-->
		<div class="addToTrolleytabContainer addItemBorderTop">
	<!-- End AddToSubscriptionList.jsp --><!-- End AddSubscriptionList.jspf --><!-- 
                    ATTENTION!!!
                    <div class="addToTrolleytabContainer">
                    This opening div is inside "../../ReusableObjects/UserSubscribedOrNot.jsp"
                    -->
                    <div class="pricingAndTrolleyOptions">
                    	
                                    <div class="priceTab priceTabContainer activeContainer addItem" id="addItem_95159">
                                       <div class="pricing">
                                           
	<p class="pricePerUnit">
    Â£1.80<abbr title="per">/</abbr><abbr title="unit"><span class="pricePerUnitUnit">unit</span></abbr>
</p>
 
    <p class="pricePerMeasure">Â£7.20<abbr title="per">/</abbr><abbr title="litres"><span class="pricePerMeasureMeasure">ltr</span></abbr>
    </p>

                                       </div>                                      

                                     
                                        <div class="addToTrolleyForm "> 
                                           <!-- BEGIN AddToTrolley.jsp -->

		<form class="addToTrolleyForm" name="OrderItemAddForm_95159" action="OrderItemAdd" method="post" id="OrderItemAddForm_95159">
		    <input type="hidden" name="storeId" value="10151"><input type="hidden" name="langId" value="44"><input type="hidden" name="catalogId" value="10241"><input type="hidden" name="errorViewName" value="CategoryDisplayView"><input type="hidden" name="SKU_ID" value="7088835"><input type="hidden" name="itemType" value=""><label class="access" for="quantity_95158">Quantity</label>
		        
					<input name="quantity" id="quantity_95158" type="text" size="3" value="1" class="quantity"><input type="hidden" name="catEntryId" value="95159"><input type="hidden" name="productId" value="95158"><input type="hidden" name="URL" value="http://www.sainsburys.co.uk/webapp/wcs/stores/servlet/CategoryDisplay?msg=&amp;langId=44&amp;storeId=10151&amp;krypto=ujINEMC73wkOWgnVB3i%2FXbBlS4XLFqFhWlJSKIBpyzpzLJDvcPlAmwDvvVWWhKyxD3D6NpcqxM0QUs2KeJdWNDHcWUBBtNR5EpcJ3VFxBINczymq2ORmzlPfYrRAVF7okPLz8b%2B5BeKcs52Zf52%2B8Hs7hZdGFepiFVWzGQtL5Dk%3D&amp;ddkey=http%3Agb%2Fgroceries%2Fdrinks%2Fpre-mixed-cans"><input type="hidden" name="page" value=""><input type="hidden" name="contractId" value=""><input type="hidden" name="calculateOrder" value="1"><input type="hidden" name="calculationUsage" value="-1,-2,-3"><input type="hidden" name="updateable" value="1"><input type="hidden" name="merge" value="***"><input type="hidden" name="callAjax" value="false"><input class="button process" type="submit" name="Add" value="Add">
</form>
	<!-- END AddToTrolley.jsp -->
        <div class="numberInTrolley hidden numberInTrolley_95158" id="numberInTrolley_95158">
            
        </div>
    
                                        </div>

                                        <!-- BEGIN CatalogEntryRatingsReviewsInfo.jspf --><!-- productAllowedRatingsAndReviews: true -->
    <div class="reviews">
        
	        <a class="numberOfReviews repressive" href="http://reviews.sainsburys.co.uk//8076-en_gb/7088835-P/writereview.htm?submissionurl=http%3A%2F%2Fwww.sainsburys.co.uk%2Fwebapp%2Fwcs%2Fstores%2Fservlet%2FBVReviewSubmitDisplay%3FcatalogId%3D10199%26storeId%3D10151%26recipe%3D%26langId%3D44%26productId%3D7088835-P&amp;return=http%3A%2F%2Fwww.sainsburys.co.uk%2Fwebapp%2Fwcs%2Fstores%2Fservlet%2FCategoryDisplay%3FpageSize%3D100">
	    Write a review
          	</a>
        
    </div>
<!-- END CatalogEntryRatingsReviewsInfo.jspf -->
                                   </div>
                               <!-- Start AddToSubscriptionList.jspf --><!-- Start AddToSubscriptionList.jsp --><!-- End AddToSubscriptionList.jsp --><!-- End AddToSubscriptionList.jspf -->     
                    </div>
                            
                    
                </div>     
            </div>
            <!--ThumbnailRestriction --><!-- END CatalogEntryThumbnailDisplay.jsp -->
	                            </div>
</li>
	                         

	                            <li class="gridItem" style="min-height: 404px;">
	                                <!-- BEGIN CatalogEntryThumbnailDisplay.jsp --><!-- BEGIN MerchandisingAssociationsDisplay.jsp --><!-- Start - JSP File Name:  MerchandisingAssociationsDisplay.jsp --><!-- END MerchandisingAssociationsDisplay.jsp -->
            <div class="product ">
                
                <div class="productInfo">
                    <div class="productNameAndPromotions">
                        
                                  <h3>
                                    <a href="http://www.sainsburys.co.uk/shop/gb/groceries/pre-mixed-cans/caribbean-twist-passion-fruit-70cl">
                                        Caribbean Twist Mixed Mango 70cl
                                        <img src="http://c2.sainsburys.co.uk/wcsstore7.20.1.145/ExtendedSitesCatalogAssetStore/images/catalog/productImages/17/5011166018117/5011166018117_L.jpeg" alt=""></a>
                                </h3>
                              
                    </div> 
                </div>
                
                <div class="errorBanner hidden" id="error86273"></div>
                <div class="addToTrolleytabBox">   
                    <!--addToTrolleytabBox GRID VIEW --><!-- Start UserSubscribedOrNot.jspf --><!-- Start UserSubscribedOrNot.jsp --><!-- 
			If the user is not logged in, render this opening 
			DIV adding an addtional class to fix the border top which is removed 
			and replaced by the tabs
		-->
		<div class="addToTrolleytabContainer addItemBorderTop">
	<!-- End AddToSubscriptionList.jsp --><!-- End AddSubscriptionList.jspf --><!-- 
                    ATTENTION!!!
                    <div class="addToTrolleytabContainer">
                    This opening div is inside "../../ReusableObjects/UserSubscribedOrNot.jsp"
                    -->
                    <div class="pricingAndTrolleyOptions">
                    	
                                    <div class="priceTab priceTabContainer activeContainer addItem" id="addItem_86273">
                                       <div class="pricing">
                                           
	<p class="pricePerUnit">
    Â£2.50<abbr title="per">/</abbr><abbr title="unit"><span class="pricePerUnitUnit">unit</span></abbr>
</p>
 
    <p class="pricePerMeasure">Â£3.57<abbr title="per">/</abbr><abbr title="litres"><span class="pricePerMeasureMeasure">ltr</span></abbr>
    </p>

                                       </div>                                      

                                     
                                        <div class="addToTrolleyForm "> 
                                           <!-- BEGIN AddToTrolley.jsp -->

		<form class="addToTrolleyForm" name="OrderItemAddForm_86273" action="OrderItemAdd" method="post" id="OrderItemAddForm_86273">
		    <input type="hidden" name="storeId" value="10151"><input type="hidden" name="langId" value="44"><input type="hidden" name="catalogId" value="10241"><input type="hidden" name="errorViewName" value="CategoryDisplayView"><input type="hidden" name="SKU_ID" value="6009922"><input type="hidden" name="itemType" value=""><label class="access" for="quantity_86272">Quantity</label>
		        
					<input name="quantity" id="quantity_86272" type="text" size="3" value="1" class="quantity"><input type="hidden" name="catEntryId" value="86273"><input type="hidden" name="productId" value="86272"><input type="hidden" name="URL" value="http://www.sainsburys.co.uk/webapp/wcs/stores/servlet/CategoryDisplay?msg=&amp;langId=44&amp;storeId=10151&amp;krypto=ujINEMC73wkOWgnVB3i%2FXbBlS4XLFqFhWlJSKIBpyzpzLJDvcPlAmwDvvVWWhKyxD3D6NpcqxM0QUs2KeJdWNDHcWUBBtNR5EpcJ3VFxBINczymq2ORmzlPfYrRAVF7okPLz8b%2B5BeKcs52Zf52%2B8Hs7hZdGFepiFVWzGQtL5Dk%3D&amp;ddkey=http%3Agb%2Fgroceries%2Fdrinks%2Fpre-mixed-cans"><input type="hidden" name="page" value=""><input type="hidden" name="contractId" value=""><input type="hidden" name="calculateOrder" value="1"><input type="hidden" name="calculationUsage" value="-1,-2,-3"><input type="hidden" name="updateable" value="1"><input type="hidden" name="merge" value="***"><input type="hidden" name="callAjax" value="false"><input class="button process" type="submit" name="Add" value="Add">
</form>
	<!-- END AddToTrolley.jsp -->
        <div class="numberInTrolley hidden numberInTrolley_86272" id="numberInTrolley_86272">
            
        </div>
    
                                        </div>

                                        <!-- BEGIN CatalogEntryRatingsReviewsInfo.jspf --><!-- productAllowedRatingsAndReviews: true -->
    <div class="reviews">
        
	        <a class="numberOfReviews repressive" href="http://reviews.sainsburys.co.uk//8076-en_gb/6009922-P/writereview.htm?submissionurl=http%3A%2F%2Fwww.sainsburys.co.uk%2Fwebapp%2Fwcs%2Fstores%2Fservlet%2FBVReviewSubmitDisplay%3FcatalogId%3D10199%26storeId%3D10151%26recipe%3D%26langId%3D44%26productId%3D6009922-P&amp;return=http%3A%2F%2Fwww.sainsburys.co.uk%2Fwebapp%2Fwcs%2Fstores%2Fservlet%2FCategoryDisplay%3FpageSize%3D100">
	    Write a review
          	</a>
        
    </div>
<!-- END CatalogEntryRatingsReviewsInfo.jspf -->
                                   </div>
                               <!-- Start AddToSubscriptionList.jspf --><!-- Start AddToSubscriptionList.jsp --><!-- End AddToSubscriptionList.jsp --><!-- End AddToSubscriptionList.jspf -->     
                    </div>
                            
                    
                </div>     
            </div>
            <!--ThumbnailRestriction --><!-- END CatalogEntryThumbnailDisplay.jsp -->
	                            </div>
</li>
	                         

	                            <li class="gridItem" style="min-height: 404px;">
	                                <!-- BEGIN CatalogEntryThumbnailDisplay.jsp --><!-- BEGIN MerchandisingAssociationsDisplay.jsp --><!-- Start - JSP File Name:  MerchandisingAssociationsDisplay.jsp --><!-- END MerchandisingAssociationsDisplay.jsp -->
            <div class="product ">
                
                <div class="productInfo">
                    <div class="productNameAndPromotions">
                        
                                  <h3>
                                    <a href="http://www.sainsburys.co.uk/shop/gb/groceries/pre-mixed-cans/caribbean-twist-pina-colada-70cl">
                                        Caribbean Twist Pina Colada 70cl
                                        <img src="http://c2.sainsburys.co.uk/wcsstore7.20.1.145/ExtendedSitesCatalogAssetStore/images/catalog/productImages/31/5011166018131/5011166018131_L.jpeg" alt=""></a>
                                </h3>
                              
                    </div> 
                </div>
                
                <div class="errorBanner hidden" id="error86287"></div>
                <div class="addToTrolleytabBox">   
                    <!--addToTrolleytabBox GRID VIEW --><!-- Start UserSubscribedOrNot.jspf --><!-- Start UserSubscribedOrNot.jsp --><!-- 
			If the user is not logged in, render this opening 
			DIV adding an addtional class to fix the border top which is removed 
			and replaced by the tabs
		-->
		<div class="addToTrolleytabContainer addItemBorderTop">
	<!-- End AddToSubscriptionList.jsp --><!-- End AddSubscriptionList.jspf --><!-- 
                    ATTENTION!!!
                    <div class="addToTrolleytabContainer">
                    This opening div is inside "../../ReusableObjects/UserSubscribedOrNot.jsp"
                    -->
                    <div class="pricingAndTrolleyOptions">
                    	
                                    <div class="priceTab priceTabContainer activeContainer addItem" id="addItem_86287">
                                       <div class="pricing">
                                           
	<p class="pricePerUnit">
    Â£2.50<abbr title="per">/</abbr><abbr title="unit"><span class="pricePerUnitUnit">unit</span></abbr>
</p>
 
    <p class="pricePerMeasure">Â£3.57<abbr title="per">/</abbr><abbr title="litres"><span class="pricePerMeasureMeasure">ltr</span></abbr>
    </p>

                                       </div>                                      

                                     
                                        <div class="addToTrolleyForm "> 
                                           <!-- BEGIN AddToTrolley.jsp -->

		<form class="addToTrolleyForm" name="OrderItemAddForm_86287" action="OrderItemAdd" method="post" id="OrderItemAddForm_86287">
		    <input type="hidden" name="storeId" value="10151"><input type="hidden" name="langId" value="44"><input type="hidden" name="catalogId" value="10241"><input type="hidden" name="errorViewName" value="CategoryDisplayView"><input type="hidden" name="SKU_ID" value="6009933"><input type="hidden" name="itemType" value=""><label class="access" for="quantity_86286">Quantity</label>
		        
					<input name="quantity" id="quantity_86286" type="text" size="3" value="1" class="quantity"><input type="hidden" name="catEntryId" value="86287"><input type="hidden" name="productId" value="86286"><input type="hidden" name="URL" value="http://www.sainsburys.co.uk/webapp/wcs/stores/servlet/CategoryDisplay?msg=&amp;langId=44&amp;storeId=10151&amp;krypto=ujINEMC73wkOWgnVB3i%2FXbBlS4XLFqFhWlJSKIBpyzpzLJDvcPlAmwDvvVWWhKyxD3D6NpcqxM0QUs2KeJdWNDHcWUBBtNR5EpcJ3VFxBINczymq2ORmzlPfYrRAVF7okPLz8b%2B5BeKcs52Zf52%2B8Hs7hZdGFepiFVWzGQtL5Dk%3D&amp;ddkey=http%3Agb%2Fgroceries%2Fdrinks%2Fpre-mixed-cans"><input type="hidden" name="page" value=""><input type="hidden" name="contractId" value=""><input type="hidden" name="calculateOrder" value="1"><input type="hidden" name="calculationUsage" value="-1,-2,-3"><input type="hidden" name="updateable" value="1"><input type="hidden" name="merge" value="***"><input type="hidden" name="callAjax" value="false"><input class="button process" type="submit" name="Add" value="Add">
</form>
	<!-- END AddToTrolley.jsp -->
        <div class="numberInTrolley hidden numberInTrolley_86286" id="numberInTrolley_86286">
            
        </div>
    
                                        </div>

                                        <!-- BEGIN CatalogEntryRatingsReviewsInfo.jspf --><!-- productAllowedRatingsAndReviews: true -->
    <div class="reviews">
        
	        <a class="numberOfReviews repressive" href="http://reviews.sainsburys.co.uk//8076-en_gb/6009933-P/writereview.htm?submissionurl=http%3A%2F%2Fwww.sainsburys.co.uk%2Fwebapp%2Fwcs%2Fstores%2Fservlet%2FBVReviewSubmitDisplay%3FcatalogId%3D10199%26storeId%3D10151%26recipe%3D%26langId%3D44%26productId%3D6009933-P&amp;return=http%3A%2F%2Fwww.sainsburys.co.uk%2Fwebapp%2Fwcs%2Fstores%2Fservlet%2FCategoryDisplay%3FpageSize%3D100">
	    Write a review
          	</a>
        
    </div>
<!-- END CatalogEntryRatingsReviewsInfo.jspf -->
                                   </div>
                               <!-- Start AddToSubscriptionList.jspf --><!-- Start AddToSubscriptionList.jsp --><!-- End AddToSubscriptionList.jsp --><!-- End AddToSubscriptionList.jspf -->     
                    </div>
                            
                    
                </div>     
            </div>
            <!--ThumbnailRestriction --><!-- END CatalogEntryThumbnailDisplay.jsp -->
	                            </div>
</li>
	                         

	                            <li class="gridItem" style="min-height: 404px;">
	                                <!-- BEGIN CatalogEntryThumbnailDisplay.jsp --><!-- BEGIN MerchandisingAssociationsDisplay.jsp --><!-- Start - JSP File Name:  MerchandisingAssociationsDisplay.jsp --><!-- END MerchandisingAssociationsDisplay.jsp -->
            <div class="product ">
                
                <div class="productInfo">
                    <div class="productNameAndPromotions">
                        
                                  <h3>
                                    <a href="http://www.sainsburys.co.uk/shop/gb/groceries/pre-mixed-cans/caribbean-twist-strawberry-daiquiri-70cl">
                                        Caribbean Twist Strawberry Daiquiri 70cl
                                        <img src="http://c2.sainsburys.co.uk/wcsstore7.20.1.145/ExtendedSitesCatalogAssetStore/images/catalog/productImages/32/5011166019732/5011166019732_L.jpeg" alt=""></a>
                                </h3>
                              
                    </div> 
                </div>
                
                <div class="errorBanner hidden" id="error107611"></div>
                <div class="addToTrolleytabBox">   
                    <!--addToTrolleytabBox GRID VIEW --><!-- Start UserSubscribedOrNot.jspf --><!-- Start UserSubscribedOrNot.jsp --><!-- 
			If the user is not logged in, render this opening 
			DIV adding an addtional class to fix the border top which is removed 
			and replaced by the tabs
		-->
		<div class="addToTrolleytabContainer addItemBorderTop">
	<!-- End AddToSubscriptionList.jsp --><!-- End AddSubscriptionList.jspf --><!-- 
                    ATTENTION!!!
                    <div class="addToTrolleytabContainer">
                    This opening div is inside "../../ReusableObjects/UserSubscribedOrNot.jsp"
                    -->
                    <div class="pricingAndTrolleyOptions">
                    	
                                    <div class="priceTab priceTabContainer activeContainer addItem" id="addItem_107611">
                                       <div class="pricing">
                                           
	<p class="pricePerUnit">
    Â£2.50<abbr title="per">/</abbr><abbr title="unit"><span class="pricePerUnitUnit">unit</span></abbr>
</p>
 
    <p class="pricePerMeasure">Â£3.57<abbr title="per">/</abbr><abbr title="litres"><span class="pricePerMeasureMeasure">ltr</span></abbr>
    </p>

                                       </div>                                      

                                     
                                        <div class="addToTrolleyForm "> 
                                           <!-- BEGIN AddToTrolley.jsp -->

		<form class="addToTrolleyForm" name="OrderItemAddForm_107611" action="OrderItemAdd" method="post" id="OrderItemAddForm_107611">
		    <input type="hidden" name="storeId" value="10151"><input type="hidden" name="langId" value="44"><input type="hidden" name="catalogId" value="10241"><input type="hidden" name="errorViewName" value="CategoryDisplayView"><input type="hidden" name="SKU_ID" value="7601027"><input type="hidden" name="itemType" value=""><label class="access" for="quantity_107610">Quantity</label>
		        
					<input name="quantity" id="quantity_107610" type="text" size="3" value="1" class="quantity"><input type="hidden" name="catEntryId" value="107611"><input type="hidden" name="productId" value="107610"><input type="hidden" name="URL" value="http://www.sainsburys.co.uk/webapp/wcs/stores/servlet/CategoryDisplay?msg=&amp;langId=44&amp;storeId=10151&amp;krypto=ujINEMC73wkOWgnVB3i%2FXbBlS4XLFqFhWlJSKIBpyzpzLJDvcPlAmwDvvVWWhKyxD3D6NpcqxM0QUs2KeJdWNDHcWUBBtNR5EpcJ3VFxBINczymq2ORmzlPfYrRAVF7okPLz8b%2B5BeKcs52Zf52%2B8Hs7hZdGFepiFVWzGQtL5Dk%3D&amp;ddkey=http%3Agb%2Fgroceries%2Fdrinks%2Fpre-mixed-cans"><input type="hidden" name="page" value=""><input type="hidden" name="contractId" value=""><input type="hidden" name="calculateOrder" value="1"><input type="hidden" name="calculationUsage" value="-1,-2,-3"><input type="hidden" name="updateable" value="1"><input type="hidden" name="merge" value="***"><input type="hidden" name="callAjax" value="false"><input class="button process" type="submit" name="Add" value="Add">
</form>
	<!-- END AddToTrolley.jsp -->
        <div class="numberInTrolley hidden numberInTrolley_107610" id="numberInTrolley_107610">
            
        </div>
    
                                        </div>

                                        <!-- BEGIN CatalogEntryRatingsReviewsInfo.jspf --><!-- productAllowedRatingsAndReviews: true -->
    <div class="reviews">
        
	        <a class="numberOfReviews repressive" href="http://reviews.sainsburys.co.uk//8076-en_gb/7601027-P/writereview.htm?submissionurl=http%3A%2F%2Fwww.sainsburys.co.uk%2Fwebapp%2Fwcs%2Fstores%2Fservlet%2FBVReviewSubmitDisplay%3FcatalogId%3D10199%26storeId%3D10151%26recipe%3D%26langId%3D44%26productId%3D7601027-P&amp;return=http%3A%2F%2Fwww.sainsburys.co.uk%2Fwebapp%2Fwcs%2Fstores%2Fservlet%2FCategoryDisplay%3FpageSize%3D100">
	    Write a review
          	</a>
        
    </div>
<!-- END CatalogEntryRatingsReviewsInfo.jspf -->
                                   </div>
                               <!-- Start AddToSubscriptionList.jspf --><!-- Start AddToSubscriptionList.jsp --><!-- End AddToSubscriptionList.jsp --><!-- End AddToSubscriptionList.jspf -->     
                    </div>
                            
                    
                </div>     
            </div>
            <!--ThumbnailRestriction --><!-- END CatalogEntryThumbnailDisplay.jsp -->
	                            </div>
</li>
	                         

	                            <li class="gridItem" style="min-height: 406px;">
	                                <!-- BEGIN CatalogEntryThumbnailDisplay.jsp --><!-- BEGIN MerchandisingAssociationsDisplay.jsp --><!-- Start - JSP File Name:  MerchandisingAssociationsDisplay.jsp --><!-- END MerchandisingAssociationsDisplay.jsp -->
            <div class="product ">
                
                <div class="productInfo">
                    <div class="productNameAndPromotions">
                        
                                  <h3>
                                    <a href="http://www.sainsburys.co.uk/shop/gb/groceries/pre-mixed-cans/lic-frozen-mojito-cocktail-100ml">
                                        Lic Frozen Mojito Cocktail 90ml
                                        <img src="http://c2.sainsburys.co.uk/wcsstore7.20.1.145/ExtendedSitesCatalogAssetStore/images/catalog/productImages/09/5060471590009/5060471590009_L.jpeg" alt=""></a>
                                </h3>
                              
                    </div> 
                </div>
                
                <div class="errorBanner hidden" id="error1019179"></div>
                <div class="addToTrolleytabBox">   
                    <!--addToTrolleytabBox GRID VIEW --><!-- Start UserSubscribedOrNot.jspf --><!-- Start UserSubscribedOrNot.jsp --><!-- 
			If the user is not logged in, render this opening 
			DIV adding an addtional class to fix the border top which is removed 
			and replaced by the tabs
		-->
		<div class="addToTrolleytabContainer addItemBorderTop">
	<!-- End AddToSubscriptionList.jsp --><!-- End AddSubscriptionList.jspf --><!-- 
                    ATTENTION!!!
                    <div class="addToTrolleytabContainer">
                    This opening div is inside "../../ReusableObjects/UserSubscribedOrNot.jsp"
                    -->
                    <div class="pricingAndTrolleyOptions">
                    	
                                    <div class="priceTab priceTabContainer activeContainer addItem" id="addItem_1019179">
                                       <div class="pricing">
                                           
	<p class="pricePerUnit">
    Â£2.00<abbr title="per">/</abbr><abbr title="unit"><span class="pricePerUnitUnit">unit</span></abbr>
</p>
 
    <p class="pricePerMeasure">Â£20.00<abbr title="per">/</abbr><abbr title="litres"><span class="pricePerMeasureMeasure">ltr</span></abbr>
    </p>

                                       </div>                                      

                                     
                                        <div class="addToTrolleyForm "> 
                                           <!-- BEGIN AddToTrolley.jsp -->

		<form class="addToTrolleyForm" name="OrderItemAddForm_1019179" action="OrderItemAdd" method="post" id="OrderItemAddForm_1019179">
		    <input type="hidden" name="storeId" value="10151"><input type="hidden" name="langId" value="44"><input type="hidden" name="catalogId" value="10241"><input type="hidden" name="errorViewName" value="CategoryDisplayView"><input type="hidden" name="SKU_ID" value="7795933"><input type="hidden" name="itemType" value=""><label class="access" for="quantity_1019178">Quantity</label>
		        
					<input name="quantity" id="quantity_1019178" type="text" size="3" value="1" class="quantity"><input type="hidden" name="catEntryId" value="1019179"><input type="hidden" name="productId" value="1019178"><input type="hidden" name="URL" value="http://www.sainsburys.co.uk/webapp/wcs/stores/servlet/CategoryDisplay?msg=&amp;langId=44&amp;storeId=10151&amp;krypto=ujINEMC73wkOWgnVB3i%2FXbBlS4XLFqFhWlJSKIBpyzpzLJDvcPlAmwDvvVWWhKyxD3D6NpcqxM0QUs2KeJdWNDHcWUBBtNR5EpcJ3VFxBINczymq2ORmzlPfYrRAVF7okPLz8b%2B5BeKcs52Zf52%2B8Hs7hZdGFepiFVWzGQtL5Dk%3D&amp;ddkey=http%3Agb%2Fgroceries%2Fdrinks%2Fpre-mixed-cans"><input type="hidden" name="page" value=""><input type="hidden" name="contractId" value=""><input type="hidden" name="calculateOrder" value="1"><input type="hidden" name="calculationUsage" value="-1,-2,-3"><input type="hidden" name="updateable" value="1"><input type="hidden" name="merge" value="***"><input type="hidden" name="callAjax" value="false"><input class="button process" type="submit" name="Add" value="Add">
</form>
	<!-- END AddToTrolley.jsp -->
        <div class="numberInTrolley hidden numberInTrolley_1019178" id="numberInTrolley_1019178">
            
        </div>
    
                                        </div>

                                        <!-- BEGIN CatalogEntryRatingsReviewsInfo.jspf --><!-- productAllowedRatingsAndReviews: true -->
    <div class="reviews">
        
	        <a class="numberOfReviews repressive" href="http://reviews.sainsburys.co.uk//8076-en_gb/7795933-P/writereview.htm?submissionurl=http%3A%2F%2Fwww.sainsburys.co.uk%2Fwebapp%2Fwcs%2Fstores%2Fservlet%2FBVReviewSubmitDisplay%3FcatalogId%3D10199%26storeId%3D10151%26recipe%3D%26langId%3D44%26productId%3D7795933-P&amp;return=http%3A%2F%2Fwww.sainsburys.co.uk%2Fwebapp%2Fwcs%2Fstores%2Fservlet%2FCategoryDisplay%3FpageSize%3D100">
	    Write a review
          	</a>
        
    </div>
<!-- END CatalogEntryRatingsReviewsInfo.jspf -->
                                   </div>
                               <!-- Start AddToSubscriptionList.jspf --><!-- Start AddToSubscriptionList.jsp --><!-- End AddToSubscriptionList.jsp --><!-- End AddToSubscriptionList.jspf -->     
                    </div>
                            
                    
                </div>     
            </div>
            <!--ThumbnailRestriction --><!-- END CatalogEntryThumbnailDisplay.jsp -->
	                            </div>
</li>
	                         

	                            <li class="gridItem" style="min-height: 406px;">
	                                <!-- BEGIN CatalogEntryThumbnailDisplay.jsp --><!-- BEGIN MerchandisingAssociationsDisplay.jsp --><!-- Start - JSP File Name:  MerchandisingAssociationsDisplay.jsp --><!-- END MerchandisingAssociationsDisplay.jsp -->
            <div class="product ">
                
                <div class="productInfo">
                    <div class="productNameAndPromotions">
                        
                                  <h3>
                                    <a href="http://www.sainsburys.co.uk/shop/gb/groceries/pre-mixed-cans/parrot-bay-freeze---squeeze-frozen-margarita-250ml">
                                        Parrot Bay Freeze &amp; Squeeze Frozen Margarita 250ml
                                        <img src="http://c2.sainsburys.co.uk/wcsstore7.20.1.145/ExtendedSitesCatalogAssetStore/images/catalog/productImages/96/5000281038896/5000281038896_L.jpeg" alt=""></a>
                                </h3>
                              
                    </div> 
                </div>
                
                <div class="errorBanner hidden" id="error958061"></div>
                <div class="addToTrolleytabBox">   
                    <!--addToTrolleytabBox GRID VIEW --><!-- Start UserSubscribedOrNot.jspf --><!-- Start UserSubscribedOrNot.jsp --><!-- 
			If the user is not logged in, render this opening 
			DIV adding an addtional class to fix the border top which is removed 
			and replaced by the tabs
		-->
		<div class="addToTrolleytabContainer addItemBorderTop">
	<!-- End AddToSubscriptionList.jsp --><!-- End AddSubscriptionList.jspf --><!-- 
                    ATTENTION!!!
                    <div class="addToTrolleytabContainer">
                    This opening div is inside "../../ReusableObjects/UserSubscribedOrNot.jsp"
                    -->
                    <div class="pricingAndTrolleyOptions">
                    	
                                    <div class="priceTab priceTabContainer activeContainer addItem" id="addItem_958061">
                                       <div class="pricing">
                                           
	<p class="pricePerUnit">
    Â£2.50<abbr title="per">/</abbr><abbr title="unit"><span class="pricePerUnitUnit">unit</span></abbr>
</p>
 
    <p class="pricePerMeasure">Â£10.00<abbr title="per">/</abbr><abbr title="litres"><span class="pricePerMeasureMeasure">ltr</span></abbr>
    </p>

                                       </div>                                      

                                     
                                        <div class="addToTrolleyForm "> 
                                           <!-- BEGIN AddToTrolley.jsp -->

		<form class="addToTrolleyForm" name="OrderItemAddForm_958061" action="OrderItemAdd" method="post" id="OrderItemAddForm_958061">
		    <input type="hidden" name="storeId" value="10151"><input type="hidden" name="langId" value="44"><input type="hidden" name="catalogId" value="10241"><input type="hidden" name="errorViewName" value="CategoryDisplayView"><input type="hidden" name="SKU_ID" value="7770816"><input type="hidden" name="itemType" value=""><label class="access" for="quantity_958060">Quantity</label>
		        
					<input name="quantity" id="quantity_958060" type="text" size="3" value="1" class="quantity"><input type="hidden" name="catEntryId" value="958061"><input type="hidden" name="productId" value="958060"><input type="hidden" name="URL" value="http://www.sainsburys.co.uk/webapp/wcs/stores/servlet/CategoryDisplay?msg=&amp;langId=44&amp;storeId=10151&amp;krypto=ujINEMC73wkOWgnVB3i%2FXbBlS4XLFqFhWlJSKIBpyzpzLJDvcPlAmwDvvVWWhKyxD3D6NpcqxM0QUs2KeJdWNDHcWUBBtNR5EpcJ3VFxBINczymq2ORmzlPfYrRAVF7okPLz8b%2B5BeKcs52Zf52%2B8Hs7hZdGFepiFVWzGQtL5Dk%3D&amp;ddkey=http%3Agb%2Fgroceries%2Fdrinks%2Fpre-mixed-cans"><input type="hidden" name="page" value=""><input type="hidden" name="contractId" value=""><input type="hidden" name="calculateOrder" value="1"><input type="hidden" name="calculationUsage" value="-1,-2,-3"><input type="hidden" name="updateable" value="1"><input type="hidden" name="merge" value="***"><input type="hidden" name="callAjax" value="false"><input class="button process" type="submit" name="Add" value="Add">
</form>
	<!-- END AddToTrolley.jsp -->
        <div class="numberInTrolley hidden numberInTrolley_958060" id="numberInTrolley_958060">
            
        </div>
    
                                        </div>

                                        <!-- BEGIN CatalogEntryRatingsReviewsInfo.jspf --><!-- productAllowedRatingsAndReviews: true -->
    <div class="reviews">
        
            <a class="numberOfReviews" href="http://www.sainsburys.co.uk/shop/gb/groceries/pre-mixed-cans/parrot-bay-freeze---squeeze-frozen-margarita-250ml#reviews">
                <img src="http://c2.sainsburys.co.uk/wcsstore7.20.1.145/SainsburysStorefrontAssetStore/img/stars/rating-5_0.gif" alt="5.0" border="0">Â  
                Reviews (2)
            </a>
        
    </div>
<!-- END CatalogEntryRatingsReviewsInfo.jspf -->
                                   </div>
                               <!-- Start AddToSubscriptionList.jspf --><!-- Start AddToSubscriptionList.jsp --><!-- End AddToSubscriptionList.jsp --><!-- End AddToSubscriptionList.jspf -->     
                    </div>
                            
                    
                </div>     
            </div>
            <!--ThumbnailRestriction --><!-- END CatalogEntryThumbnailDisplay.jsp -->
	                            </div>
</li>
	                         

	                            <li class="gridItem" style="min-height: 406px;">
	                                <!-- BEGIN CatalogEntryThumbnailDisplay.jsp --><!-- BEGIN MerchandisingAssociationsDisplay.jsp --><!-- Start - JSP File Name:  MerchandisingAssociationsDisplay.jsp --><!-- END MerchandisingAssociationsDisplay.jsp -->
            <div class="product ">
                
                <div class="productInfo">
                    <div class="productNameAndPromotions">
                        
                                  <h3>
                                    <a href="http://www.sainsburys.co.uk/shop/gb/groceries/pre-mixed-cans/parrot-bay-frozen-cocktail-berry-250ml">
                                        Parrot Bay Frozen Cocktail Berry 250ml
                                        <img src="http://c2.sainsburys.co.uk/wcsstore7.20.1.145/ExtendedSitesCatalogAssetStore/images/catalog/productImages/84/5000281031484/5000281031484_L.jpeg" alt=""></a>
                                </h3>
                              
                    </div> 
                </div>
                
                <div class="errorBanner hidden" id="error584571"></div>
                <div class="addToTrolleytabBox">   
                    <!--addToTrolleytabBox GRID VIEW --><!-- Start UserSubscribedOrNot.jspf --><!-- Start UserSubscribedOrNot.jsp --><!-- 
			If the user is not logged in, render this opening 
			DIV adding an addtional class to fix the border top which is removed 
			and replaced by the tabs
		-->
		<div class="addToTrolleytabContainer addItemBorderTop">
	<!-- End AddToSubscriptionList.jsp --><!-- End AddSubscriptionList.jspf --><!-- 
                    ATTENTION!!!
                    <div class="addToTrolleytabContainer">
                    This opening div is inside "../../ReusableObjects/UserSubscribedOrNot.jsp"
                    -->
                    <div class="pricingAndTrolleyOptions">
                    	
                                    <div class="priceTab priceTabContainer activeContainer addItem" id="addItem_584571">
                                       <div class="pricing">
                                           
	<p class="pricePerUnit">
    Â£2.50<abbr title="per">/</abbr><abbr title="unit"><span class="pricePerUnitUnit">unit</span></abbr>
</p>
 
    <p class="pricePerMeasure">Â£10.00<abbr title="per">/</abbr><abbr title="litres"><span class="pricePerMeasureMeasure">ltr</span></abbr>
    </p>

                                       </div>                                      

                                     
                                        <div class="addToTrolleyForm "> 
                                           <!-- BEGIN AddToTrolley.jsp -->

		<form class="addToTrolleyForm" name="OrderItemAddForm_584571" action="OrderItemAdd" method="post" id="OrderItemAddForm_584571">
		    <input type="hidden" name="storeId" value="10151"><input type="hidden" name="langId" value="44"><input type="hidden" name="catalogId" value="10241"><input type="hidden" name="errorViewName" value="CategoryDisplayView"><input type="hidden" name="SKU_ID" value="7683358"><input type="hidden" name="itemType" value=""><label class="access" for="quantity_584570">Quantity</label>
		        
					<input name="quantity" id="quantity_584570" type="text" size="3" value="1" class="quantity"><input type="hidden" name="catEntryId" value="584571"><input type="hidden" name="productId" value="584570"><input type="hidden" name="URL" value="http://www.sainsburys.co.uk/webapp/wcs/stores/servlet/CategoryDisplay?msg=&amp;langId=44&amp;storeId=10151&amp;krypto=ujINEMC73wkOWgnVB3i%2FXbBlS4XLFqFhWlJSKIBpyzpzLJDvcPlAmwDvvVWWhKyxD3D6NpcqxM0QUs2KeJdWNDHcWUBBtNR5EpcJ3VFxBINczymq2ORmzlPfYrRAVF7okPLz8b%2B5BeKcs52Zf52%2B8Hs7hZdGFepiFVWzGQtL5Dk%3D&amp;ddkey=http%3Agb%2Fgroceries%2Fdrinks%2Fpre-mixed-cans"><input type="hidden" name="page" value=""><input type="hidden" name="contractId" value=""><input type="hidden" name="calculateOrder" value="1"><input type="hidden" name="calculationUsage" value="-1,-2,-3"><input type="hidden" name="updateable" value="1"><input type="hidden" name="merge" value="***"><input type="hidden" name="callAjax" value="false"><input class="button process" type="submit" name="Add" value="Add">
</form>
	<!-- END AddToTrolley.jsp -->
        <div class="numberInTrolley hidden numberInTrolley_584570" id="numberInTrolley_584570">
            
        </div>
    
                                        </div>

                                        <!-- BEGIN CatalogEntryRatingsReviewsInfo.jspf --><!-- productAllowedRatingsAndReviews: true -->
    <div class="reviews">
        
            <a class="numberOfReviews" href="http://www.sainsburys.co.uk/shop/gb/groceries/pre-mixed-cans/parrot-bay-frozen-cocktail-berry-250ml#reviews">
                <img src="http://c2.sainsburys.co.uk/wcsstore7.20.1.145/SainsburysStorefrontAssetStore/img/stars/rating-3_0.gif" alt="3.0" border="0">Â  
                Reviews (2)
            </a>
        
    </div>
<!-- END CatalogEntryRatingsReviewsInfo.jspf -->
                                   </div>
                               <!-- Start AddToSubscriptionList.jspf --><!-- Start AddToSubscriptionList.jsp --><!-- End AddToSubscriptionList.jsp --><!-- End AddToSubscriptionList.jspf -->     
                    </div>
                            
                    
                </div>     
            </div>
            <!--ThumbnailRestriction --><!-- END CatalogEntryThumbnailDisplay.jsp -->
	                            </div>
</li>
	                         

	                            <li class="gridItem" style="min-height: 448px;">
	                                <!-- BEGIN CatalogEntryThumbnailDisplay.jsp --><!-- BEGIN MerchandisingAssociationsDisplay.jsp --><!-- Start - JSP File Name:  MerchandisingAssociationsDisplay.jsp --><!-- END MerchandisingAssociationsDisplay.jsp -->
            <div class="product  straplineRow">
                
                <div class="productInfo">
                    <div class="productNameAndPromotions">
                        
                                  <h3>
                                    <a href="http://www.sainsburys.co.uk/shop/gb/groceries/pre-mixed-cans/parrot-bay-frozen-cocktail-mojito-250ml">
                                        Parrot Bay Frozen Cocktail Mojito 250ml
                                        <img src="http://c2.sainsburys.co.uk/wcsstore7.20.1.145/ExtendedSitesCatalogAssetStore/images/catalog/productImages/00/5000281033600/5000281033600_L.jpeg" alt=""></a>
                                </h3>
                              
                    </div> 
                </div>
                
                <div class="errorBanner hidden" id="error584577"></div>
                <div class="addToTrolleytabBox">   
                    <!--addToTrolleytabBox GRID VIEW --><!-- Start UserSubscribedOrNot.jspf --><!-- Start UserSubscribedOrNot.jsp --><!-- 
			If the user is not logged in, render this opening 
			DIV adding an addtional class to fix the border top which is removed 
			and replaced by the tabs
		-->
		<div class="addToTrolleytabContainer addItemBorderTop">
	<!-- End AddToSubscriptionList.jsp --><!-- End AddSubscriptionList.jspf --><!-- 
                    ATTENTION!!!
                    <div class="addToTrolleytabContainer">
                    This opening div is inside "../../ReusableObjects/UserSubscribedOrNot.jsp"
                    -->
                    <div class="pricingAndTrolleyOptions">
                    	
                                    <div class="priceTab priceTabContainer activeContainer addItem" id="addItem_584577">
                                       <div class="pricing">
                                           
	<p class="pricePerUnit">
    Â£2.50<abbr title="per">/</abbr><abbr title="unit"><span class="pricePerUnitUnit">unit</span></abbr>
</p>
 
    <p class="pricePerMeasure">Â£10.00<abbr title="per">/</abbr><abbr title="litres"><span class="pricePerMeasureMeasure">ltr</span></abbr>
    </p>

                                       </div>                                      

                                     
                                        <div class="addToTrolleyForm "> 
                                           <!-- BEGIN AddToTrolley.jsp -->

		<form class="addToTrolleyForm" name="OrderItemAddForm_584577" action="OrderItemAdd" method="post" id="OrderItemAddForm_584577">
		    <input type="hidden" name="storeId" value="10151"><input type="hidden" name="langId" value="44"><input type="hidden" name="catalogId" value="10241"><input type="hidden" name="errorViewName" value="CategoryDisplayView"><input type="hidden" name="SKU_ID" value="7683375"><input type="hidden" name="itemType" value=""><label class="access" for="quantity_584576">Quantity</label>
		        
					<input name="quantity" id="quantity_584576" type="text" size="3" value="1" class="quantity"><input type="hidden" name="catEntryId" value="584577"><input type="hidden" name="productId" value="584576"><input type="hidden" name="URL" value="http://www.sainsburys.co.uk/webapp/wcs/stores/servlet/CategoryDisplay?msg=&amp;langId=44&amp;storeId=10151&amp;krypto=ujINEMC73wkOWgnVB3i%2FXbBlS4XLFqFhWlJSKIBpyzpzLJDvcPlAmwDvvVWWhKyxD3D6NpcqxM0QUs2KeJdWNDHcWUBBtNR5EpcJ3VFxBINczymq2ORmzlPfYrRAVF7okPLz8b%2B5BeKcs52Zf52%2B8Hs7hZdGFepiFVWzGQtL5Dk%3D&amp;ddkey=http%3Agb%2Fgroceries%2Fdrinks%2Fpre-mixed-cans"><input type="hidden" name="page" value=""><input type="hidden" name="contractId" value=""><input type="hidden" name="calculateOrder" value="1"><input type="hidden" name="calculationUsage" value="-1,-2,-3"><input type="hidden" name="updateable" value="1"><input type="hidden" name="merge" value="***"><input type="hidden" name="callAjax" value="false"><input class="button process" type="submit" name="Add" value="Add">
</form>
	<!-- END AddToTrolley.jsp -->
        <div class="numberInTrolley hidden numberInTrolley_584576" id="numberInTrolley_584576">
            
        </div>
    
                                        </div>

                                        <!-- BEGIN CatalogEntryRatingsReviewsInfo.jspf --><!-- productAllowedRatingsAndReviews: true -->
    <div class="reviews">
        
	        <a class="numberOfReviews repressive" href="http://reviews.sainsburys.co.uk//8076-en_gb/7683375-P/writereview.htm?submissionurl=http%3A%2F%2Fwww.sainsburys.co.uk%2Fwebapp%2Fwcs%2Fstores%2Fservlet%2FBVReviewSubmitDisplay%3FcatalogId%3D10199%26storeId%3D10151%26recipe%3D%26langId%3D44%26productId%3D7683375-P&amp;return=http%3A%2F%2Fwww.sainsburys.co.uk%2Fwebapp%2Fwcs%2Fstores%2Fservlet%2FCategoryDisplay%3FpageSize%3D100">
	    Write a review
          	</a>
        
    </div>
<!-- END CatalogEntryRatingsReviewsInfo.jspf -->
                                   </div>
                               <!-- Start AddToSubscriptionList.jspf --><!-- Start AddToSubscriptionList.jsp --><!-- End AddToSubscriptionList.jsp --><!-- End AddToSubscriptionList.jspf -->     
                    </div>
                            
                    
                </div>     
            </div>
            <!--ThumbnailRestriction --><!-- END CatalogEntryThumbnailDisplay.jsp -->
	                            </div>
</li>
	                         

	                            <li class="gridItem" style="min-height: 448px;">
	                                <!-- BEGIN CatalogEntryThumbnailDisplay.jsp --><!-- BEGIN MerchandisingAssociationsDisplay.jsp --><!-- Start - JSP File Name:  MerchandisingAssociationsDisplay.jsp --><!-- END MerchandisingAssociationsDisplay.jsp -->
            <div class="product  straplineRow">
                
                <div class="productInfo">
                    <div class="productNameAndPromotions">
                        
                                  <h3>
                                    <a href="http://www.sainsburys.co.uk/shop/gb/groceries/pre-mixed-cans/parrot-bay-frozen-cocktail-pina-250ml">
                                        Parrot Bay Frozen Cocktail Pina 250ml
                                        <img src="http://c2.sainsburys.co.uk/wcsstore7.20.1.145/ExtendedSitesCatalogAssetStore/images/catalog/productImages/91/5000281031491/5000281031491_L.jpeg" alt=""></a>
                                </h3>
                              
                    </div> 
                </div>
                
                <div class="errorBanner hidden" id="error584573"></div>
                <div class="addToTrolleytabBox">   
                    <!--addToTrolleytabBox GRID VIEW --><!-- Start UserSubscribedOrNot.jspf --><!-- Start UserSubscribedOrNot.jsp --><!-- 
			If the user is not logged in, render this opening 
			DIV adding an addtional class to fix the border top which is removed 
			and replaced by the tabs
		-->
		<div class="addToTrolleytabContainer addItemBorderTop">
	<!-- End AddToSubscriptionList.jsp --><!-- End AddSubscriptionList.jspf --><!-- 
                    ATTENTION!!!
                    <div class="addToTrolleytabContainer">
                    This opening div is inside "../../ReusableObjects/UserSubscribedOrNot.jsp"
                    -->
                    <div class="pricingAndTrolleyOptions">
                    	
                                    <div class="priceTab priceTabContainer activeContainer addItem" id="addItem_584573">
                                       <div class="pricing">
                                           
	<p class="pricePerUnit">
    Â£2.50<abbr title="per">/</abbr><abbr title="unit"><span class="pricePerUnitUnit">unit</span></abbr>
</p>
 
    <p class="pricePerMeasure">Â£10.00<abbr title="per">/</abbr><abbr title="litres"><span class="pricePerMeasureMeasure">ltr</span></abbr>
    </p>

                                       </div>                                      

                                     
                                        <div class="addToTrolleyForm "> 
                                           <!-- BEGIN AddToTrolley.jsp -->

		<form class="addToTrolleyForm" name="OrderItemAddForm_584573" action="OrderItemAdd" method="post" id="OrderItemAddForm_584573">
		    <input type="hidden" name="storeId" value="10151"><input type="hidden" name="langId" value="44"><input type="hidden" name="catalogId" value="10241"><input type="hidden" name="errorViewName" value="CategoryDisplayView"><input type="hidden" name="SKU_ID" value="7683365"><input type="hidden" name="itemType" value=""><label class="access" for="quantity_584572">Quantity</label>
		        
					<input name="quantity" id="quantity_584572" type="text" size="3" value="1" class="quantity"><input type="hidden" name="catEntryId" value="584573"><input type="hidden" name="productId" value="584572"><input type="hidden" name="URL" value="http://www.sainsburys.co.uk/webapp/wcs/stores/servlet/CategoryDisplay?msg=&amp;langId=44&amp;storeId=10151&amp;krypto=ujINEMC73wkOWgnVB3i%2FXbBlS4XLFqFhWlJSKIBpyzpzLJDvcPlAmwDvvVWWhKyxD3D6NpcqxM0QUs2KeJdWNDHcWUBBtNR5EpcJ3VFxBINczymq2ORmzlPfYrRAVF7okPLz8b%2B5BeKcs52Zf52%2B8Hs7hZdGFepiFVWzGQtL5Dk%3D&amp;ddkey=http%3Agb%2Fgroceries%2Fdrinks%2Fpre-mixed-cans"><input type="hidden" name="page" value=""><input type="hidden" name="contractId" value=""><input type="hidden" name="calculateOrder" value="1"><input type="hidden" name="calculationUsage" value="-1,-2,-3"><input type="hidden" name="updateable" value="1"><input type="hidden" name="merge" value="***"><input type="hidden" name="callAjax" value="false"><input class="button process" type="submit" name="Add" value="Add">
</form>
	<!-- END AddToTrolley.jsp -->
        <div class="numberInTrolley hidden numberInTrolley_584572" id="numberInTrolley_584572">
            
        </div>
    
                                        </div>

                                        <!-- BEGIN CatalogEntryRatingsReviewsInfo.jspf --><!-- productAllowedRatingsAndReviews: true -->
    <div class="reviews">
        
            <a class="numberOfReviews" href="http://www.sainsburys.co.uk/shop/gb/groceries/pre-mixed-cans/parrot-bay-frozen-cocktail-pina-250ml#reviews">
                <img src="http://c2.sainsburys.co.uk/wcsstore7.20.1.145/SainsburysStorefrontAssetStore/img/stars/rating-4_7.gif" alt="4.6667" border="0">Â  
                Reviews (3)
            </a>
        
    </div>
<!-- END CatalogEntryRatingsReviewsInfo.jspf -->
                                   </div>
                               <!-- Start AddToSubscriptionList.jspf --><!-- Start AddToSubscriptionList.jsp --><!-- End AddToSubscriptionList.jsp --><!-- End AddToSubscriptionList.jspf -->     
                    </div>
                            
                    
                </div>     
            </div>
            <!--ThumbnailRestriction --><!-- END CatalogEntryThumbnailDisplay.jsp -->
	                            </div>
</li>
	                         

	                            <li class="gridItem" style="min-height: 448px;">
	                                <!-- BEGIN CatalogEntryThumbnailDisplay.jsp --><!-- BEGIN MerchandisingAssociationsDisplay.jsp --><!-- Start - JSP File Name:  MerchandisingAssociationsDisplay.jsp --><!-- END MerchandisingAssociationsDisplay.jsp -->
            <div class="product  highlighted specialOffer straplineRow">
                
                <div class="productInfo">
                    <div class="productNameAndPromotions">
                        
                                  <h3>
                                    <a href="http://www.sainsburys.co.uk/shop/gb/groceries/pre-mixed-cans/smirnoff-frozen-cocktail-raspberry-250m">
                                        Smirnoff Frozen Cocktail Raspberry 250ml
                                        <img src="http://c2.sainsburys.co.uk/wcsstore7.20.1.145/ExtendedSitesCatalogAssetStore/images/catalog/productImages/28/5410316944328/5410316944328_L.jpeg" alt=""></a>
                                </h3>
                              
    <div class="promotion">
                   
		            <p><a href="http://www.sainsburys.co.uk/shop/PromotionDisplayView?catalogId=10199&amp;langId=44&amp;productId=582968&amp;storeId=10151&amp;promotionId=10232956"><!-- BEGIN include/PromotionStrapline.jspf -->Only Â£2.00: Save 50p<br><!-- FINISH include/PromotionStrapline.jspf --></a></p>
		                        
    </div>

                    </div> 
                </div>
                
        <div class="strapline"><a href="http://www.sainsburys.co.uk/shop/PromotionDisplayView?catalogId=10199&amp;langId=44&amp;productId=582968&amp;storeId=10151&amp;promotionId=10232956"><img src="/wcsstore7.20.1.145/SainsburysStorefrontAssetStore/wcassets/icons/special/img-special-offer.png" alt="Special Offer"></a></div>
    
                <div class="errorBanner hidden" id="error582969"></div>
                <div class="addToTrolleytabBox">   
                    <!--addToTrolleytabBox GRID VIEW --><!-- Start UserSubscribedOrNot.jspf --><!-- Start UserSubscribedOrNot.jsp --><!-- 
			If the user is not logged in, render this opening 
			DIV adding an addtional class to fix the border top which is removed 
			and replaced by the tabs
		-->
		<div class="addToTrolleytabContainer addItemBorderTop">
	<!-- End AddToSubscriptionList.jsp --><!-- End AddSubscriptionList.jspf --><!-- 
                    ATTENTION!!!
                    <div class="addToTrolleytabContainer">
                    This opening div is inside "../../ReusableObjects/UserSubscribedOrNot.jsp"
                    -->
                    <div class="pricingAndTrolleyOptions">
                    	
                                    <div class="priceTab priceTabContainer activeContainer addItem" id="addItem_582969">
                                       <div class="pricing">
                                           
	<p class="pricePerUnit">
    Â£2.00<abbr title="per">/</abbr><abbr title="unit"><span class="pricePerUnitUnit">unit</span></abbr>
</p>
 
    <p class="pricePerMeasure">Â£8.00<abbr title="per">/</abbr><abbr title="litres"><span class="pricePerMeasureMeasure">ltr</span></abbr>
    </p>

                                       </div>                                      

                                     
                                        <div class="addToTrolleyForm "> 
                                           <!-- BEGIN AddToTrolley.jsp -->

		<form class="addToTrolleyForm" name="OrderItemAddForm_582969" action="OrderItemAdd" method="post" id="OrderItemAddForm_582969">
		    <input type="hidden" name="storeId" value="10151"><input type="hidden" name="langId" value="44"><input type="hidden" name="catalogId" value="10241"><input type="hidden" name="errorViewName" value="CategoryDisplayView"><input type="hidden" name="SKU_ID" value="7683379"><input type="hidden" name="itemType" value=""><label class="access" for="quantity_582968">Quantity</label>
		        
					<input name="quantity" id="quantity_582968" type="text" size="3" value="1" class="quantity"><input type="hidden" name="catEntryId" value="582969"><input type="hidden" name="productId" value="582968"><input type="hidden" name="URL" value="http://www.sainsburys.co.uk/webapp/wcs/stores/servlet/CategoryDisplay?msg=&amp;langId=44&amp;storeId=10151&amp;krypto=ujINEMC73wkOWgnVB3i%2FXbBlS4XLFqFhWlJSKIBpyzpzLJDvcPlAmwDvvVWWhKyxD3D6NpcqxM0QUs2KeJdWNDHcWUBBtNR5EpcJ3VFxBINczymq2ORmzlPfYrRAVF7okPLz8b%2B5BeKcs52Zf52%2B8Hs7hZdGFepiFVWzGQtL5Dk%3D&amp;ddkey=http%3Agb%2Fgroceries%2Fdrinks%2Fpre-mixed-cans"><input type="hidden" name="page" value=""><input type="hidden" name="contractId" value=""><input type="hidden" name="calculateOrder" value="1"><input type="hidden" name="calculationUsage" value="-1,-2,-3"><input type="hidden" name="updateable" value="1"><input type="hidden" name="merge" value="***"><input type="hidden" name="callAjax" value="false"><input class="button process" type="submit" name="Add" value="Add">
</form>
	<!-- END AddToTrolley.jsp -->
        <div class="numberInTrolley hidden numberInTrolley_582968" id="numberInTrolley_582968">
            
        </div>
    
                                        </div>

                                        <!-- BEGIN CatalogEntryRatingsReviewsInfo.jspf --><!-- productAllowedRatingsAndReviews: true -->
    <div class="reviews">
        
            <a class="numberOfReviews" href="http://www.sainsburys.co.uk/shop/gb/groceries/pre-mixed-cans/smirnoff-frozen-cocktail-raspberry-250m#reviews">
                <img src="http://c2.sainsburys.co.uk/wcsstore7.20.1.145/SainsburysStorefrontAssetStore/img/stars/rating-5_0.gif" alt="5.0" border="0">Â  
                Reviews (2)
            </a>
        
    </div>
<!-- END CatalogEntryRatingsReviewsInfo.jspf -->
                                   </div>
                               <!-- Start AddToSubscriptionList.jspf --><!-- Start AddToSubscriptionList.jsp --><!-- End AddToSubscriptionList.jsp --><!-- End AddToSubscriptionList.jspf -->     
                    </div>
                            
                    
                </div>     
            </div>
            <!--ThumbnailRestriction --><!-- END CatalogEntryThumbnailDisplay.jsp -->
	                            </div>
</li>
	                         

	                            <li class="gridItem" style="min-height: 404px;">
	                                <!-- BEGIN CatalogEntryThumbnailDisplay.jsp --><!-- BEGIN MerchandisingAssociationsDisplay.jsp --><!-- Start - JSP File Name:  MerchandisingAssociationsDisplay.jsp --><!-- END MerchandisingAssociationsDisplay.jsp -->
            <div class="product ">
                
                <div class="productInfo">
                    <div class="productNameAndPromotions">
                        
                                  <h3>
                                    <a href="http://www.sainsburys.co.uk/shop/gb/groceries/pre-mixed-cans/sainsburys-vodka-lime---soda-4x250ml">
                                        Sainsbury's Vodka Lime &amp; Soda 4x250ml
                                        <img src="http://c2.sainsburys.co.uk/wcsstore7.20.1.145/ExtendedSitesCatalogAssetStore/images/catalog/productImages/86/0000000260886/0000000260886_L.jpeg" alt=""></a>
                                </h3>
                              
                    </div> 
                </div>
                
                <div class="errorBanner hidden" id="error1083379"></div>
                <div class="addToTrolleytabBox">   
                    <!--addToTrolleytabBox GRID VIEW --><!-- Start UserSubscribedOrNot.jspf --><!-- Start UserSubscribedOrNot.jsp --><!-- 
			If the user is not logged in, render this opening 
			DIV adding an addtional class to fix the border top which is removed 
			and replaced by the tabs
		-->
		<div class="addToTrolleytabContainer addItemBorderTop">
	<!-- End AddToSubscriptionList.jsp --><!-- End AddSubscriptionList.jspf --><!-- 
                    ATTENTION!!!
                    <div class="addToTrolleytabContainer">
                    This opening div is inside "../../ReusableObjects/UserSubscribedOrNot.jsp"
                    -->
                    <div class="pricingAndTrolleyOptions">
                    	
                                    <div class="priceTab priceTabContainer activeContainer addItem" id="addItem_1083379">
                                       <div class="pricing">
                                           
	<p class="pricePerUnit">
    Â£5.00<abbr title="per">/</abbr><abbr title="unit"><span class="pricePerUnitUnit">unit</span></abbr>
</p>
 
    <p class="pricePerMeasure">Â£5.00<abbr title="per">/</abbr><abbr title="litres"><span class="pricePerMeasureMeasure">ltr</span></abbr>
    </p>

                                       </div>                                      

                                     
                                        <div class="addToTrolleyForm "> 
                                           <!-- BEGIN AddToTrolley.jsp -->

		<form class="addToTrolleyForm" name="OrderItemAddForm_1083379" action="OrderItemAdd" method="post" id="OrderItemAddForm_1083379">
		    <input type="hidden" name="storeId" value="10151"><input type="hidden" name="langId" value="44"><input type="hidden" name="catalogId" value="10241"><input type="hidden" name="errorViewName" value="CategoryDisplayView"><input type="hidden" name="SKU_ID" value="7830403"><input type="hidden" name="itemType" value=""><label class="access" for="quantity_1083378">Quantity</label>
		        
					<input name="quantity" id="quantity_1083378" type="text" size="3" value="1" class="quantity"><input type="hidden" name="catEntryId" value="1083379"><input type="hidden" name="productId" value="1083378"><input type="hidden" name="URL" value="http://www.sainsburys.co.uk/webapp/wcs/stores/servlet/CategoryDisplay?msg=&amp;langId=44&amp;storeId=10151&amp;krypto=ujINEMC73wkOWgnVB3i%2FXbBlS4XLFqFhWlJSKIBpyzpzLJDvcPlAmwDvvVWWhKyxD3D6NpcqxM0QUs2KeJdWNDHcWUBBtNR5EpcJ3VFxBINczymq2ORmzlPfYrRAVF7okPLz8b%2B5BeKcs52Zf52%2B8Hs7hZdGFepiFVWzGQtL5Dk%3D&amp;ddkey=http%3Agb%2Fgroceries%2Fdrinks%2Fpre-mixed-cans"><input type="hidden" name="page" value=""><input type="hidden" name="contractId" value=""><input type="hidden" name="calculateOrder" value="1"><input type="hidden" name="calculationUsage" value="-1,-2,-3"><input type="hidden" name="updateable" value="1"><input type="hidden" name="merge" value="***"><input type="hidden" name="callAjax" value="false"><input class="button process" type="submit" name="Add" value="Add">
</form>
	<!-- END AddToTrolley.jsp -->
        <div class="numberInTrolley hidden numberInTrolley_1083378" id="numberInTrolley_1083378">
            
        </div>
    
                                        </div>

                                        <!-- BEGIN CatalogEntryRatingsReviewsInfo.jspf --><!-- productAllowedRatingsAndReviews: true -->
    <div class="reviews">
        
	        <a class="numberOfReviews repressive" href="http://reviews.sainsburys.co.uk//8076-en_gb/7830403-P/writereview.htm?submissionurl=http%3A%2F%2Fwww.sainsburys.co.uk%2Fwebapp%2Fwcs%2Fstores%2Fservlet%2FBVReviewSubmitDisplay%3FcatalogId%3D10199%26storeId%3D10151%26recipe%3D%26langId%3D44%26productId%3D7830403-P&amp;return=http%3A%2F%2Fwww.sainsburys.co.uk%2Fwebapp%2Fwcs%2Fstores%2Fservlet%2FCategoryDisplay%3FpageSize%3D100">
	    Write a review
          	</a>
        
    </div>
<!-- END CatalogEntryRatingsReviewsInfo.jspf -->
                                   </div>
                               <!-- Start AddToSubscriptionList.jspf --><!-- Start AddToSubscriptionList.jsp --><!-- End AddToSubscriptionList.jsp --><!-- End AddToSubscriptionList.jspf -->     
                    </div>
                            
                    
                </div>     
            </div>
            <!--ThumbnailRestriction --><!-- END CatalogEntryThumbnailDisplay.jsp -->
	                            </div>
</li>
	                         
	            </ul>
<h2 class="access">Product pagination</h2>
<div class="pagination paginationBottom">

    
    <ul class="pages">
<li class="previous">
		        
		        <span class="access">Go to previous page</span>
		        
            </li>

        <li class="current">
<span class="access">Current page </span><span>1</span>
</li>
        
            <li class="next">
        
        <span class="access">Go to next page</span>
        
            </li>
    </ul>
</div>

            </div>
        </div>
    <!-- END ShelfDisplay.jsp --><!-- ********************* ZDAS ESpot Display Start ********************** -->
            <div class="section eSpotContainer bottomESpots">
                <!-- Left POD ESpot Name = Z:DRINKS/Espot_Left -->
                <!-- START ZDASPODDisplay.jsp -->

<div id="sitecatalyst_ESPOT_NAME_Z:DRINKS/Espot_Left" class="siteCatalystTag">Z:DRINKS/Espot_Left</div>

<div class="es es-border-box" style="width: 100%; height: 150px; padding-bottom: 15px; "><div suspendonhover="true" dojotype="dojox.widget.AutoRotator" transition="dojox.widget.rotator.crossFade" id="myAutoRotator1486143633873" class="es-border-box-100  es-transparent-bg" duration=""><div class="es-border-box-100" style="left: 0px; top: 0px; position: absolute;">
<div class="es-border-box-100"><a href="/shop/gb/groceries/drinks/all-wine---champagne#langId=44&amp;storeId=10151&amp;=10070&amp;categoryId=258772&amp;parent_category_rn=12192&amp;top_category=12192&amp;pageSize=30&amp;orderBy=FAVOURITES_ONLY%7CTOP_SELLERS&amp;searchTerm=&amp;beginIndex=0&amp;facet=86&amp;facet=&amp;facet=&amp;facet=&amp;facet="><img src="/wcassets/2017_2018/cycle_01_15_mar/varbws_rangereview_847x135.jpg" alt="New bottles of red, white and rose wine. Find out more."></a></div>
<div class="es-border-box es-white-bg" style="width: 168px; height: 155px; position: absolute; left: 0px; top: 0px; opacity: 1; -ms-filter: progid:DXImageTransform.Microsoft.Alpha(100); filter: alpha(opacity=100);"></div>
<div class="es-border-box" style="width: 168px; height: 155px; position: absolute; left: 0px; top: 0px; padding-left: 15px; padding-top: 10px; padding-right: 15px; padding-bottom: 15px; ">
<div class="es-border-box" style="width: 100%; padding-top: px; "><h3>Introducing...</h3></div>
<div style="width: 100%; padding-top: px; " class="es-border-box"><p>Red, white or rosÃ© to pair with any meal</p></div>
</div>
</div></div></div>
<!-- end of if empty marketingSpotDatas loop--><!-- END ZDASPODDisplay.jsp -->
             </div>   
             
              
                
              <div class="section eSpotContainer bottomESpots">   
	                <!--  Middle POD Espot Name = Z:DRINKS/D:SPIRITS/Espot_Middle -->
	                      <!-- START ZDASPODDisplay.jsp -->

<div id="sitecatalyst_ESPOT_NAME_Z:DRINKS/D:SPIRITS/Espot_Middle" class="siteCatalystTag">Z:DRINKS/D:SPIRITS/Espot_Middle</div>

<div class="es es-border-box" style="width: 100%; "><div class="es-border-box-100  es-border" style="padding-left: 40px; padding-top: 15px; padding-right: 40px; padding-bottom: 10px; background-color: #E4F2FF; border-color: #99CCFE; "><div class="es-border-box-100">
<h2 style="text-align: center;">
<img src="/wcassets/ideas/Templates/info_icon.png" alt="" width="21" height="21">Â  Information about alcohol legislation<br>
</h2>
<p style="text-align: center;"><a href="http://help.sainsburys.co.uk/help/ordering/gov-legislation-bws-sol">Please be aware that spirits &amp; liqueurs are no longer eligible for Nectar points</a>. Some restrictions may apply on selected vouchers. For example, when using a money off voucher the value of the goods other than spirits, liqueurs or wine when on a buy 6 save 25% multibuy must be at least equal to the money off offered by the promotional voucher. Other restrictions may apply - see your voucher for details. For details on how this may impact you, please visit the <a href="http://help.sainsburys.co.uk/help/faqs/ordering/bulk-order-online" target="_blank">Help Centre</a>.Â </p>
</div></div></div>
<!-- end of if empty marketingSpotDatas loop--><!-- END ZDASPODDisplay.jsp --><!--  Right POD Espot Name = Z_Default_Espot_Content-->
	                      <!-- START ZDASPODDisplay.jsp -->

<div id="sitecatalyst_ESPOT_NAME_Z_Default_Espot_Content" class="siteCatalystTag">Z_Default_Espot_Content</div>

<!-- end of if empty marketingSpotDatas loop--><!-- END ZDASPODDisplay.jsp -->
                </div>
            <!-- ********************* ZDAS ESpot Display End ********************** -->
        </div>
        <!-- content End --><!-- auxiliary Start -->
        <div class="aside" id="auxiliary">
            <!-- BEGIN RightHandSide.jspf -->
<div id="auxiliaryDock">
    <!-- BEGIN RightHandSide.jsp -->

<div class="panel loginPanel">
	
    <div id="sitecatalyst_ESPOT_NAME_NZ_Welcome_Back_RHS_Espot" class="siteCatalystTag">NZ_Welcome_Back_RHS_Espot</div>

                    
	<h2>Already a customer?</h2>
    <form name="signIn" method="post" action="LogonView" id="Rhs_signIn">
        <input type="hidden" name="storeId" value="10151"><input type="hidden" name="langId" value="44"><input type="hidden" name="catalogId" value="10241"><input type="hidden" name="URL" value="http://www.sainsburys.co.uk/webapp/wcs/stores/servlet/CategoryDisplay?msg=&amp;langId=44&amp;storeId=10151&amp;krypto=ujINEMC73wkOWgnVB3i%2FXbBlS4XLFqFhWlJSKIBpyzpzLJDvcPlAmwDvvVWWhKyxD3D6NpcqxM0QUs2KeJdWNDHcWUBBtNR5EpcJ3VFxBINczymq2ORmzlPfYrRAVF7okPLz8b%2B5BeKcs52Zf52%2B8Hs7hZdGFepiFVWzGQtL5Dk%3D&amp;ddkey=http%3Agb%2Fgroceries%2Fdrinks%2Fpre-mixed-cans"><input type="hidden" name="logonCallerId" value="LogonButton"><input type="hidden" name="errorViewName" value="CategoryDisplayView"><input class="button process" type="submit" value="Log in">
</form>
    
	<div class="panelFooter">
		<p class="register">Not yet registered? 
		<a class="callToAction" name="register" href="http://www.sainsburys.co.uk/shop/PostcodeCheckView?catalogId=10122&amp;currentPageUrl=http%3A%2F%2Fwww.sainsburys.co.uk%2Fwebapp%2Fwcs%2Fstores%2Fservlet%2FCategoryDisplay%3Fmsg%3D%26langId%3D44%26storeId%3D10151%26krypto%3DujINEMC73wkOWgnVB3i%252FXbBlS4XLFqFhWlJSKIBpyzpzLJDvcPlAmwDvvVWWhKyxD3D6NpcqxM0QUs2KeJdWNDHcWUBBtNR5EpcJ3VFxBINczymq2ORmzlPfYrRAVF7okPLz8b%252B5BeKcs52Zf52%252B8Hs7hZdGFepiFVWzGQtL5Dk%253D%26ddkey%3Dhttp%253Agb%252Fgroceries%252Fdrinks%252Fpre-mixed-cans&amp;langId=44&amp;storeId=10151"> Register Now</a></p>
	</div>
</div>
<div class="panel imagePanel checkPostCodePanel" id="checkPostCodePanel">
	
    <div id="sitecatalyst_ESPOT_NAME_NZ_Do_We_Deliver_To_You_Espot" class="siteCatalystTag">NZ_Do_We_Deliver_To_You_Espot</div>

        <h2>New customer?</h2>
    

    <p>Enter your postcode to check we deliver in your area.</p>
    
    
      <div id="PostCodeMessageArea" class="errorMessage" style="display:none;">
      </div>
    
	<form name="CheckPostCode" method="post" action="/webapp/wcs/stores/servlet/CheckPostCode" id="Rhs_checkPostCode">
		<input type="hidden" name="langId" value="44"><input type="hidden" name="storeId" value="10151"><input type="hidden" name="currentPageUrl" value="http://www.sainsburys.co.uk/webapp/wcs/stores/servlet/CategoryDisplay?msg=&amp;langId=44&amp;storeId=10151&amp;krypto=ujINEMC73wkOWgnVB3i%2FXbBlS4XLFqFhWlJSKIBpyzpzLJDvcPlAmwDvvVWWhKyxD3D6NpcqxM0QUs2KeJdWNDHcWUBBtNR5EpcJ3VFxBINczymq2ORmzlPfYrRAVF7okPLz8b%2B5BeKcs52Zf52%2B8Hs7hZdGFepiFVWzGQtL5Dk%3D&amp;ddkey=http%3Agb%2Fgroceries%2Fdrinks%2Fpre-mixed-cans"><input type="hidden" name="currentViewName" value="CategoryDisplayView"><input type="hidden" name="messageAreaId" value="PostCodeMessageArea"><div class="field">
			<div class="indicator">
				<label class="access" for="postCode">Postcode</label>
			</div>
			<div class="input">
				<input type="text" name="postCode" id="postCode" maxlength="8" value="">
</div>
		</div>
		<div class="actions">
			<input class="button primary process" type="submit" value="Check postcode">
</div>      
	</form>
</div>
<!-- END RightHandSide.jsp --><!-- BEGIN MiniShopCartDisplay.jsp --><!-- If we get here from a generic error this service will fail so we need to catch the exception -->
		<div class="panel infoPanel">
			<span class="icon infoIcon"></span>
		   	<h2>Important Information</h2>
			<p>Alcohol promotions available to online customers serviced from our Scottish stores may differ from those shown when browsing our site. Please log in to see the full range of promotions available to you.</p>
		</div>
	<!-- END MiniShopCartDisplay.jsp -->
</div>
<!-- END RightHandSide.jspf -->
        </div>
        <!-- auxiliary End -->
    </div>
    <!-- Main Area End --><!-- Footer Start --><!-- BEGIN LayoutContainerBottom.jspf --><!-- BEGIN FooterDisplay.jspf -->


<div id="globalFooter" class="footer">
    <ul>
<li><a href="http://www.sainsburys.co.uk/privacy">Privacy policy</a></li>
	<li><a href="http://www.sainsburys.co.uk/cookies">Cookie policy</a></li>
	<li><a href="http://www.sainsburys.co.uk/terms">Terms &amp; conditions</a></li>
	<li><a href="http://www.sainsburys.co.uk/accessibility">Accessibility</a></li>
	<li><a href="http://help.sainsburys.co.uk/" rel="external" target="_blank" title="Opens in new window">Help Centre<span class="access"> (opens in a new window/tab)</span></a></li>
	<li><a href="http://help.sainsburys.co.uk/help/how_to_contact_us">Contact us</a></li>
	<li><a href="/webapp/wcs/stores/servlet/DeviceOverride?deviceId=-21&amp;langId=44&amp;storeId=10151">Mobile</a></li>
</ul>
</div>

<!-- END FooterDisplay.jspf --><!-- END LayoutContainerBottom.jspf --><!-- Footer Start End -->
    </div>
    <!--// End #page  --><!-- Bright Tagger start -->

	<div id="sitecatalyst_ws" class="siteCatalystTag"></div>
	
    <script type="text/javascript">
        var brightTagStAccount = 'sp0XdVN';
    </script><noscript>
        &lt;iframe src="//s.thebrighttag.com/iframe?c=sp0XdVN" width="1" height="1" frameborder="0" scrolling="no" marginheight="0" marginwidth="0"&gt;&lt;/iframe&gt;
    </noscript>
<!-- Bright Tagger End -->
 <script type="text/javascript">
 (function(){
 
    
    
        digitalData.page = {pageInfo:{},events:[]}; //If there is no event then create an event array
    
        var pageName = '' ? document.body.id+':':document.body.id; digitalData.page.pageInfo.pageName =pageName;
        var breadCrumb = document.querySelectorAll('#breadcrumbNavList > li > a,#breadcrumbNavList > li > strong,#breadcrumbNavList > li > span > strong');
        var element = [];
        for (var i=0,il=breadCrumb.length; i<il; i++) {
            element.push(breadCrumb[i].textContent.trim());
        }
        var bElement = element ? element.join('::'):'';
        
    
                if (bElement.length > 0 && bElement.trim()) { 
                    digitalData.page.pageInfo.breadCrumbs = 'Groceries::' + bElement;
                }
        

    var messagesDD;
    
    
	    digitalData.user = {
	        profile : {
	            profileInfo : {
	                websphereId : '',
	                deliveryPostcode: '',
	                deliveryStoreId: '',
	                deliverySlot: '',
	                deliveryCost: '',
	                deliveryOption: '',
	                deliveryType: '',
	                shoppingmode: '',
	                isSameDay: '',
	                blueMartini:''
	            }
	        } 
	    };
    
        
})();
</script><!-- END CategoriesDisplay.jsp --><div class="tooltip" id="JSTooltip" style="position: absolute; left: -999px; top: -999px;"><div class="tooltipInner">
<a href="#" class="closeTooltip" id="JSTooltipClose">Close<span class="access"> this tooltip and return to the page</span></a><div class="tooltipText" id="JSTooltipText"></div>
<div class="tooltipArrow" id="JSTooltipArrow"></div>
</div></div>
<!-- ClickTale Bottom part -->

<!-- ClickTale end of Bottom part --><script type="text/javascript" src="http://cdn.clicktale.net/www16/ptc/5ea22b8e-c62f-443c-a41b-bb50b30c6fc6.js"></script><script type="text/javascript">// Copyright 2006-2017 ClickTale Ltd., US Patent Pending
// PID: 194
// WR destination: www16
// WR version: latest
// Recording ratio: 0.1
// Generated on: 3/19/2017 2:35:39 PM (UTC 3/19/2017 7:35:39 PM)
(function (){
	var dependencyCallback;
        var scriptSyncTokens = ["wr"];
        var ct2Callback, isRecorderReady;
    var dependencies = scriptSyncTokens.slice(0);
    var clickTaleOnReadyList = window.ClickTaleOnReadyList || (window.ClickTaleOnReadyList = []);
    var indexOf = (function(){if(Array.prototype.indexOf){return function(array,value){return array.indexOf(value)}}return function(array,value){var length=array.length;for(var i=0;i<length;i++){if(array[i]===value){return i}}return -1}})();
    function isValidToken(token) {
        if (indexOf(scriptSyncTokens, token) > -1) {
            var index = indexOf(dependencies, token);

            if (index > -1) {
                dependencies.splice(index, 1);
                return true;
            }
        }

        return false;
    }

    clickTaleOnReadyList.push(function () {
        if (ct2Callback) {
            ct2Callback();
        }

        isRecorderReady = true;
    });

    window.ClickTaleGlobal = window.ClickTaleGlobal || {};
    ClickTaleGlobal.scripts = ClickTaleGlobal.scripts || {};
    ClickTaleGlobal.scripts.dependencies = {
        setDependencies: function (deps) {
            scriptSyncTokens = deps;
        },
        onDependencyResolved: function (callback) {
            dependencyCallback = callback;
        },
        notifyScriptLoaded: function (token) {
            if (isValidToken(token)) {
                if (dependencies.length === 0 && typeof dependencyCallback === "function") {
                    dependencyCallback();
                }
            }
        }
    };

    ClickTaleGlobal.scripts.integration = {
        onReady: function (callback) {
            if (isRecorderReady) {
                callback();
            }
            else {
                ct2Callback = callback;
            }
        }
    };
})();




function ClickTaleCDNHTTPSRewrite(u)
{
	try
	{
		var scripts = document.getElementsByTagName('script');
		if(scripts.length)
		{
			var script = scripts[ scripts.length - 1 ], s='https://clicktalecdn.sslcs.cdngc.net/';
			if(script.src && script.src.substr(0,s.length)==s )
				return u.replace('https://cdnssl.clicktale.net/',s);
		}
	}
	catch(e)
	{
	}
	return u;
} 

window.ClickTaleIsXHTMLCompliant = true;
if (typeof (ClickTaleCreateDOMElement) != "function")
{
	ClickTaleCreateDOMElement = function(tagName)
	{
		if (document.createElementNS)
		{
			return document.createElementNS('http://www.w3.org/1999/xhtml', tagName);
		}
		return document.createElement(tagName);
	}
}

if (typeof (ClickTaleAppendInHead) != "function")
{
	ClickTaleAppendInHead = function(element)
	{
		var parent = document.getElementsByTagName('head').item(0) || document.documentElement;
		parent.appendChild(element);
	}
}

if (typeof (ClickTaleXHTMLCompliantScriptTagCreate) != "function")
{
	ClickTaleXHTMLCompliantScriptTagCreate = function(code)
	{
		var script = ClickTaleCreateDOMElement('script');
		script.setAttribute("type", "text/javascript");
		script.text = code;
		return script;
	}
}	

var pccScriptElement = ClickTaleCreateDOMElement('script');
pccScriptElement.type = "text/javascript";
pccScriptElement.src = (document.location.protocol=='https:'?
ClickTaleCDNHTTPSRewrite('https://cdnssl.clicktale.net/www16/pcc/5ea22b8e-c62f-443c-a41b-bb50b30c6fc6.js?DeploymentConfigName=Release_20170316&Version=2'):
'http://cdn.clicktale.net/www16/pcc/5ea22b8e-c62f-443c-a41b-bb50b30c6fc6.js?DeploymentConfigName=Release_20170316&Version=2');
ClickTaleGlobal.init.isAllowed && document.body.appendChild(pccScriptElement);
	
if (typeof window.ClickTaleScriptSource == 'undefined') {
	window.ClickTaleScriptSource=(document.location.protocol=='https:'
		?ClickTaleCDNHTTPSRewrite('https://cdnssl.clicktale.net/www/')
		:'http://cdn.clicktale.net/www/');
}


// Start of user-defined pre WR code (PreLoad)
!function() { function ClickTaleMonitorSettings() { this.started = !1, this.stopCallbacks = [], this.readyCallbacks = [], this.startCallbacks = [] } function createElement(t) { if (document.documentElement.namespaceURI) try { return document.createElementNS("http://www.w3.org/1999/xhtml", t) } catch (t) {} return document.createElement(t) } function createMonitorScript(t) { var n, i; (i = document.body || document.head) && (n = createElement("script"), n.src = t, n.async = !0, n.type = "text/javascript", i.appendChild(n)) } function invokeMonitor(t, n) { var i = ClickTaleMonitorSettings.instance; if (i && i.monitor) return i.monitor[t].apply(i.monitor, n) } if (ClickTaleMonitorSettings.onReady = function(t, n) { for (var i, o = ClickTaleMonitorSettings.get(), e = o.readyCallbacks, c = e.length, r = 0; r < c; r++) e[r](); ClickTaleMonitor.Settings.get().configure({ transport: { url: "https://ir-conductor.clicktale.net/monitor" } }); o.started || (i = new ClickTaleMonitor.App(114,function(t) { o.started = !0, o.addApplication(t), o.startCallbacks.forEach(function(t) { t() }) } ,t,n), i.onStop(function(t) { o && (o.stopCallbacks.forEach(function(t) { t() }), ClickTaleMonitorSettings.instance = void 0) })) } , ClickTaleMonitorSettings.prototype.addApplication = function(t) { this.monitor = t } , ClickTaleMonitorSettings.prototype.configure = function(t) { this.config = t } , ClickTaleMonitorSettings.prototype.onStart = function(t) { this.monitor && this.monitor.isMonitoring() ? t() : this.startCallbacks.push(t) } , ClickTaleMonitorSettings.prototype.onStop = function(t) { this.stopCallbacks.push(t) } , ClickTaleMonitorSettings.prototype.onReady = function(t) { this.readyCallbacks.push(t) } , ClickTaleMonitorSettings.get = function() { return ClickTaleMonitorSettings.instance || (ClickTaleMonitorSettings.instance = new ClickTaleMonitorSettings) } , Object.defineProperty) try { Object.defineProperty(ClickTaleMonitorSettings, "config", { get: function() { return ClickTaleMonitorSettings.instance ? ClickTaleMonitorSettings.instance.config : null }, enumerable: !0, configurable: !0 }) } catch (t) {} window.ClickTaleMonitor = { stop: function() { invokeMonitor("dispose") }, restart: function(t, n) { ClickTaleMonitor.stop(), ClickTaleMonitorSettings.onReady(t, n) }, shutdown: function() { invokeMonitor("shutdown") }, addEvent: function(t) { invokeMonitor("addEvent", [t]) }, isMonitoring: function() { return !!invokeMonitor("isMonitoring") }, Settings: ClickTaleMonitorSettings }, createMonitorScript("https://cdna.clicktale.net/www/tc/monitor-1.3.9.js"); }();

//PTC Code Version 7

window.ClickTaleSettings = window.ClickTaleSettings || {};
window.ClickTaleSettings.PTC = window.ClickTaleSettings.PTC || {};
//set the following property only when there are No Load errors in recordings
//window.ClickTaleIncludedOnWindowLoad = true;
//Remove the next line if not using XHTML compliant configuration.
window.ClickTaleIncludedOnDOMReady = true;
window.ClickTaleSettings.PTC.EnableChangeMonitor = false;
window.ClickTaleSettings.PTC.UseTransport = true;
window.ClickTaleUIDCookieName = 'WRUIDAWS';

function deleteIrrelevantUIDCookies(relevant) {
    var cookieArray = document.cookie.replace(/\s+/g, '').split(";");
    var hostArray = location.host.split('.');
    var topDom = (hostArray.length <= 2 ? location.host : hostArray.slice(1).join('.'));
    for (var i = 0; i < cookieArray.length; i++) {
        var currentCookie = cookieArray[i];
        var cookieKey = currentCookie.substring(0, currentCookie.indexOf('='));
        if (cookieKey.indexOf('WRUID') > -1 && relevant.indexOf(cookieKey) == -1) {
            document.cookie = cookieKey + "='';domain=." + topDom + ";path=/;expires=Thu, 01-Jan-1970 00:00:01 GMT;";
            document.cookie = cookieKey + "='';path=/;expires=Thu, 01-Jan-1970 00:00:01 GMT;";
        }
    }
}
deleteIrrelevantUIDCookies([window.ClickTaleUIDCookieName]);

window.ClickTaleSettings.CheckAgentSupport = function (f, v) {
    if (v.t == v.IE && v.v <= 8) {
        window.ClickTaleSettings.PTC.okToRunPCC = false;
        return false;
    }
    else {
        if (!(v.t == v.IE && v.v <= 10)) {
            window.ClickTaleSettings.PTC.EnableChangeMonitor = true;
            window.ClickTaleSettings.PTC.ConfigChangeMonitor();
        }
        var fv = f(v);
        window.ClickTaleSettings.PTC.okToRunPCC = fv;
        mobileFlagForReWriteRules = false;
        if (v.m) {
            mobileFlagForReWriteRules = true;
        }
        return fv;

    }
};
window.ClickTaleSettings.Persistence = {
    EnableStorage: true,
    EnableStreams: true,
    EnableDispatch: true,
    AutoDispatch: true, //v.15.2 and above; default is true, when false message will be dispatched when calling ClickTaleDispatchPersistedMessages -
    Providers: ["hybrid"] //v.15.2 and above; can also be: "indexedDB" or "localStorage"
};

window.ClickTaleSettings.Protocol = {
    Method: "ImpactRecorder"
};

window.ClickTaleSettings.Proxy = {
    WR: "ir-ing-district.clicktale.net/ctn_v2/",
    ImageFlag: "ir-ing-district.clicktale.net/ctn_v2/"
};

window.ClickTaleSettings.PTC.RulesObj = [{
    selector: "input[type=\"text\"], input[type=\"tel\"], input[type=\"email\"]",
    changeMon: {
        Attributes: ['value'],
        Text: false
    },
    rewriteApi: {
        Attributes: ['value'],
        Text: false
    }
}, {
    selector: ".orderDetail div.adr>div,.orderDetail dd.noMargin,.orderDetail dd:last-child,table.checkout tr:last-child a , a.loggedInContactName,.hello strong,.adr .street-address,.adr .region,.adr .postal-code",
    changeMon: {
        Attributes: false,
        Text: true
    },
    rewriteApi: {
        Attributes: false,
        Text: true
    }
}, {
    selector: ".orderNumber+.orderSummary dt",
    changeMon: {
        Attributes: false,
        Text: true
    },
    rewriteApi: {
        Attributes: false,
        Text: true
    },
    location: {
        prop: 'pathname',
        search: /\/sol\/my_account\/(scheduled|previous)_orders\.jsp/i
    }
}, {
    selector: "table.orders>tbody>tr>td:first-child",
    changeMon: {
        Attributes: false,
        Text: true
    },
    rewriteApi: {
        Attributes: false,
        Text: true
    },
    location: {
        prop: 'pathname',
        search: /\/sol\/my_account\/myorders\.jsp/i
    }
}];

window.ClickTaleSettings.PTC.RulesObjRemoveEls = [
];

; (function () {
    if (typeof window.ClickTalePIISelector === 'string' && window.ClickTalePIISelector != '') {
        try {
            var domNodes = document.querySelectorAll(window.ClickTalePIISelector);
            if (domNodes) {
                window.ClickTaleSettings.PTC.RulesObj.push({
                    selector: window.ClickTalePIISelector,
                    changeMon: {
                        Attributes: ['value'],
                        Text: true
                    },
                    rewriteApi: {
                        Attributes: ['value'],
                        Text: true
                    }
                });
            }
        }
        catch (err) {
        }
    }
})();

window.ClickTaleSettings.PTC.cloneNodeIE9 = function (node) {
    var clone = node.nodeType === 3 ? document.createTextNode(node.nodeValue) : node.cloneNode(false);

    var child = node.firstChild;
    while (child) {
        if (child.nodeName !== 'SCRIPT') {
            clone.appendChild(window.ClickTaleSettings.PTC.cloneNodeIE9(child));
        }
        else {
            var script = document.createElement('script');
            clone.appendChild(script);
        }
        child = child.nextSibling;
    }

    return clone;
};

window.ClickTaleSettings.PTC.ConfigChangeMonitor = function () {

    if (window.ClickTaleSettings.PTC.EnableChangeMonitor) {
        window.ClickTaleSettings.XHRWrapper = {
            Enable: false
        };

        var script = document.createElement("SCRIPT");
        script.src = (document.location.protocol === "https:" ? "https://cdnssl." : "http://cdn.") + "clicktale.net/www/ChangeMonitor-latest.js";
        document.body.appendChild(script);

        window.ClickTaleSettings.ChangeMonitor = {
            Enable: true,
            LiveExclude: true,
            AddressingMode: "id",
            OnReadyHandler: function (changeMonitor) {
                changeMonitor.observe();
            },
            OnBeforeReadyHandler: function (settings) {
                settings.Enable = window.ClickTaleGetUID ? !!ClickTaleGetUID() : false;
                return settings;
            },
            PII: {
                Text: [
                    {
                        selector: ".infoTable tbody tr td",
                        transform: function (el) {
                            var newParentNode = el;
                            var counter = 0
                            var needToMask = false;
                            var text = el.textContent;

                            while (newParentNode.nodeName.toLowerCase() != 'tr' && newParentNode.nodeName.toLowerCase() != 'body' && counter < 7) {
                                counter++;
                                if (newParentNode.parentNode) {
                                    newParentNode = newParentNode.parentNode;
                                }
                            }
                            if (newParentNode.nodeName.toLowerCase() == 'tr') {
                                if (newParentNode.textContent.toLowerCase().indexOf('delivery address') > -1) {
                                    needToMask = true;
                                }
                            }

                            if (needToMask) {
                                return text.replace(/\w/g, '-');
                            }
                            else {
                                return text;
                            }
                        }
                    },
					{
					    selector: ".addressList li", // Masking changes that happen to reserved delivery time and address box when changing delivery slot
					    transform: function (el) {
					        return "-------";
					    }
					},
                    {
                        selector: "select#Shipping_selectAddress option", // Masking changes that happen to shiping select address
                        transform: function (el) {
                            var text = el.textContent;
                            return text.replace(/\w/g, '-');
                        }
                    },
                    {
                        selector: 'select[name="listOfPaymentInstructions"] option', // Masking changes that happen to list Of Payment Instructions
                        transform: function (el) {
                            var text = el.textContent;
                            return text.replace(/\w/g, '-');
                        }
                    }
                    ,
                    {
                        selector: 'span.postcode', // Masking changes that happen to postcode when the popup appear
                        transform: function (el) {
                            var text = el.textContent;
                            return text.replace(/\w/g, '-');
                        }
                    }
                ],
                Attribute: [
                    {
                        selector: "select#expiryMonth option",
                        transform: function (el) {
                            var attrs = el.attributes;
                            var attrsToReturn = {}
                            for (var i = 0; i < attrs.length; i++) {
                                var name = attrs[i].nodeName;
                                attrsToReturn[name] = attrs[i].nodeValue;
                            }
                            attrsToReturn['value'] = '--';
                            return attrsToReturn;
                        }
                    },
                    {
                        selector: "select#expiryYear option",
                        transform: function (el) {
                            var attrs = el.attributes;
                            var attrsToReturn = {}
                            for (var i = 0; i < attrs.length; i++) {
                                var name = attrs[i].nodeName;
                                attrsToReturn[name] = attrs[i].nodeValue;
                            }
                            attrsToReturn['value'] = '--';
                            return attrsToReturn;
                        }
                    },
                    {
                        selector: "select#Billing_selectAddress option",
                        transform: function (el) {
                            var attrs = el.attributes;
                            var attrsToReturn = {}
                            for (var i = 0; i < attrs.length; i++) {
                                var name = attrs[i].nodeName;
                                attrsToReturn[name] = attrs[i].nodeValue;
                            }
                            attrsToReturn['value'] = '---------------';
                            return attrsToReturn;
                        }
                    }
                ]
            },
            Filters: {
                MaxBufferSize: 1500000,
                MaxElementCount: 30000,
                Before: [function (mutations) {
                    if (typeof ClickTaleSettings.PTC.CMBeforeFilter === 'function') {
                        return ClickTaleSettings.PTC.CMBeforeFilter(mutations);
                    }
                    return true;
                }
                ]
            }
        }
        var RulesObj = window.ClickTaleSettings.PTC.RulesObj;
        if (RulesObj) {
            window.ClickTaleSettings.ChangeMonitor.PII.Text = window.ClickTaleSettings.ChangeMonitor.PII.Text || [];
            window.ClickTaleSettings.ChangeMonitor.PII.Attributes = window.ClickTaleSettings.ChangeMonitor.PII.Attributes || [];
            for (var i = 0; i < RulesObj.length; i++) {
                var CMrule = RulesObj[i]['changeMon'];
                var CMlocation = RulesObj[i]['location'];
                if (!CMrule || (CMlocation && document.location[CMlocation['prop']].toLowerCase().search(CMlocation.search) === -1)) {
                    continue;
                }
                var selector = RulesObj[i]['selector'];
                var attributesArr = CMrule.Attributes;
                if (attributesArr instanceof Array) {
                    for (var u = 0; u < attributesArr.length; u++) {
                        var attr = attributesArr[u];
                        window.ClickTaleSettings.ChangeMonitor.PII.Attributes.push({
                            selector: selector,
                            transform: (function (attr) {
                                return function (el) {
                                    var attrs = el.attributes;
                                    var attrsToReturn = {}
                                    for (var i = 0; i < attrs.length; i++) {
                                        var name = attrs[i].nodeName;
                                        attrsToReturn[name] = attrs[i].nodeValue;
                                    }
                                    var attrib = el.getAttribute(attr);;
                                    if (typeof attrib === 'string') {
                                        attrsToReturn[attr] = attrib.replace(/\w/g, '-');
                                    }
                                    return attrsToReturn;
                                }
                            })(attr)
                        });
                    }
                }
                if (CMrule.Text) {
                    window.ClickTaleSettings.ChangeMonitor.PII.Text.push({
                        selector: selector,
                        transform: function (el) {
                            return el.textContent.replace(/\w/g, '-');
                        }
                    });
                }
            }
        }
    }
};

window.ClickTaleSettings.Compression = {
    Method: function () {
        return "deflate";
    }
};

window.ClickTaleSettings.Transport = {
    Legacy: false,
    MaxConcurrentRequests: 5
};

window.ClickTaleSettings.RewriteRules = {
    OnBeforeRewrite: function (rewriteApi) {
        var bodyClone = ((document.documentMode && document.documentMode <= 9) ? ClickTaleSettings.PTC.cloneNodeIE9(document.documentElement) : document.documentElement.cloneNode(true));

        if (window.ClickTaleSettings.PTC.RulesObj) {
            rewriteApi.add(function (buffer) {


                var RulesObj = window.ClickTaleSettings.PTC.RulesObj;
                for (var i = 0; i < RulesObj.length; i++) {
                    var rewriteApirule = RulesObj[i]['rewriteApi'];
                    var rewriteApilocation = RulesObj[i]['location'];
                    if (!rewriteApirule || (rewriteApilocation && document.location[rewriteApilocation['prop']].toLowerCase().search(rewriteApilocation.search) === -1)) {
                        continue;
                    }
                    var selector = RulesObj[i]['selector'];
                    var elements = bodyClone.querySelectorAll(selector);

                    Array.prototype.forEach.call(elements, function (el, ind) {
                        var attributesArr = rewriteApirule.Attributes;
                        if (attributesArr instanceof Array) {

                            for (var u = 0; u < attributesArr.length; u++) {
                                var attr = attributesArr[u];
                                var attrib = el.getAttribute(attr);
                                if (typeof attrib === 'string') {
                                    el.setAttribute(attr, attrib.replace(/\w/g, '-'));
                                }
                            }

                        }
                        if (rewriteApirule.Text) {
                            var children = el.childNodes;
                            Array.prototype.forEach.call(children, function (child) {
                                if (child && child.nodeType === 3) {
                                    child.textContent = child.textContent.replace(/\w/g, '-');
                                }
                            });
                        }
                    });
                }

                //work on body
                var RulesObjRemoveEls = window.ClickTaleSettings.PTC.RulesObjRemoveEls;
                if (RulesObjRemoveEls) {
                    for (var i = 0; i < RulesObjRemoveEls.length; i++) {
                        if (RulesObjRemoveEls[i].rewriteApi) {
                            var elementsToRemove = bodyClone.querySelectorAll(RulesObjRemoveEls[i].rewriteApi);
                            Array.prototype.forEach.call(elementsToRemove, function (el, ind) {
                                if (el.parentNode) {
                                    el.parentNode.removeChild(el);
                                }
                            });
                        }
                        if (RulesObjRemoveEls[i].rewriteApiReplace) {
                            var elementsToReplace = bodyClone.querySelectorAll(RulesObjRemoveEls[i].rewriteApiReplace);
                            Array.prototype.forEach.call(elementsToReplace, function (el, ind) {
                                if (el.parentNode) {
                                    var comment = document.createComment(el.outerHTML);
                                    el.parentNode.replaceChild(comment, el);
                                }
                            });
                        }
                    }
                }

                buffer = buffer.replace(/(<body[^>]*>)[\s\S]*?<\/body>/gi, function (m, g1) {
                    if (g1) {
                        return g1 + bodyClone.innerHTML.replace(/<script\b([^>]*)>([\s\S]*?)<\/script>/gi, '<script><\/script>').replace(/(<div id="?ClickTaleDiv"?[^>]+>)\s*<script[^>]+><\/script>\s*(<\/div>)/i, '$1$2') + '<\/body>';
                    }
                    return m;
                });

                return buffer;
            });
        }
        rewriteApi.add({
            pattern: /(<head[^>]*>)/i,
            replace: '$1<script type="text\/javascript" class="cm-ignore" src="http:\/\/dummytest.clicktale-samples.com\/GlobalResources\/jquery.js"><\/script>'
        });
        rewriteApi.add(function (buffer) {
            buffer = buffer.replace(/(<div[^>]*id="deliveryInfoPanel"[^>]*>[\s\S]*?<span[^>]*class="postcode"[^>]*>)([^"]+?)(<\/span>)/i, function (m, g1, g2, g3) {
                if (g1 && g2 && g3) {
                    return g1 + g2.replace(/\w/g, '-') + g3;
                }
                return m;
            });
            return buffer;
        });
        //Masking PII cases for SAIN-31



        rewriteApi.add(function (buffer) { //delivery address (at the delivering information box) - accross the site t = 0.000469953
            buffer = buffer.replace(/(span[^>]*class="postcode">)([\s\S]+?)(<\/span>)/i, function (m, g1, g2, g3) {
                if (g1 && g2 && g3) {
                    if (g2.indexOf('fulfilmentLocation') > -1) {
                        return m;
                    }
                    return g1 + g2.replace(/\w/g, '-') + g3;
                }
                return m;

            });
            return buffer;
        });
        rewriteApi.add(function (buffer) { //delivery address (at the delivering information box) - accross the site t = 0.000469953
            buffer = buffer.replace(/(a[^>]*class="fulfilmentLocation"[^>]*>)([\s\S]+?)(<\/a>)/i, function (m, g1, g2, g3) {
                if (g1 && g2 && g3) {
                    return g1 + g2.replace(/\w/g, '-') + g3;
                }
                return m;

            });
            return buffer;
        });

        rewriteApi.add(function (buffer) { //address details at Delivery Page t = 0.001250125
            buffer = buffer.replace(/(<ul[^>]*addressList[^>]*>)([\s\S]+?)(<\/ul>)/i, function (m, g1, g2, g3) {
                if (g1 && g2 && g3) {
                    return g1 + g2.replace(/(<li[^>]*?>)([\s\S]+?)(<\/li)/img, '$1----$3') + g3;
                }
                return m;

            });
            return buffer;
        });

        rewriteApi.add(function (buffer) { // Masking changes that happen to billing select address 0.0009
            buffer = buffer.replace(/(<select[^>]*Billing_selectAddress[^>]*>)([\s\S]+?)(<\/select>)/i, function (m, g1, g2, g3) {
                if (g1 && g2 && g3) {
                    return g1 + g2.replace(/(<option[^>]*>)([\s\S]+?)(<\/option>)/img, '$1----------$3') + g3;
                }
                return m;

            });
            return buffer;
        });
        rewriteApi.add(function (buffer) { // Masking changes that happen to shiping select address 0.0008
            buffer = buffer.replace(/(<select[^>]*Shipping_selectAddress[^>]*>)([\s\S]+?)(<\/select>)/i, function (m, g1, g2, g3) {
                if (g1 && g2 && g3) {
                    return g1 + g2.replace(/(<option[^>]*>)([\s\S]+?)(<\/option>)/img, '$1----------$3') + g3;
                }
                return m;

            });
            return buffer;
        });
        rewriteApi.add(function (buffer) { // Masking changes that happen to list Of Payment Instructions 0.00038
            buffer = buffer.replace(/(<select[^>]*name="listOfPaymentInstructions"[^>]*>)([\s\S]+?)(<\/select>)/i, function (m, g1, g2, g3) {
                if (g1 && g2 && g3) {
                    return g1 + g2.replace(/(<option[^>]*>)([\s\S]+?)(<\/option>)/img, '$1----------$3') + g3;
                }
                return m;

            });
            return buffer;
        });

        rewriteApi.add(function (buffer) { // Masking changes that happen to list Of Payment Instructions 0.00038
            buffer = buffer.replace(/(<input[^>]*id="cardNumber"[^>]*value=")([^"]*)("[^>]*>)/i, function (m, g1, g2, g3) {
                if (g1 && g2 && g3) {
                    return g1 + g2.replace(/[\w\W]/mig, '-') + g3;
                }
                return m;

            });
            return buffer;
        });

        rewriteApi.add(function (buffer) { // Masking changes that happen to credit card expire date - year -  0.000320032
            buffer = buffer.replace(/(<select[^>]*id="expiryYear"[^>]*>[\s\S]*?<option[^>]*selected[^>]*>)([\s\S]*?)(<\/option>)/i, function (m, g1, g2, g3) {
                if (g1 && g2 && g3) {
                    return g1 + g2.replace(/[\w\W]/ig, '-') + g3;
                }
                return m;

            });
            return buffer;
        });

        rewriteApi.add(function (buffer) { // Masking changes that happen to credit card expire date - month -  0.000320032
            buffer = buffer.replace(/(<select[^>]*id="expiryMonth"[^>]*>[\s\S]*?<option[^>]*selected[^>]*>)([\s\S]*?)(<\/option>)/i, function (m, g1, g2, g3) {
                if (g1 && g2 && g3) {
                    return g1 + g2.replace(/[\w\W]/ig, '-') + g3;
                }
                return m;

            });
            return buffer;
        });

        rewriteApi.add(function (buffer) { //user name t = 0.000720072
            buffer = buffer.replace(/(<p[^>]*homepageGreeting[^>]*>)([\s\S]+?)(<\/p>)/i, function (m, g1, g2, g3) {
                if (g1 && g2 && g3) {
                    return g1 + g2.replace(/\w/g, '-') + g3;
                }
                return m;

            });
            return buffer;
        });

        if (document.location.pathname && (document.location.pathname.indexOf("/webapp/wcs/stores/servlet/OrderBillingView") > -1)) {//Checkout page, delivery details

            rewriteApi.add(function (buffer) { //t = 0.001250125
                buffer = buffer.replace(/(<a[^>]*?servlet\/MyAddress[^>]*?>)([\s\S]*?)(<)/i, function (m, g1, g2, g3) {
                    if (g1 && g2 && g3) {
                        return g1 + g2.replace(/\w/g, '-') + g3;
                    }
                    return m;
                });
                return buffer;
            });

        } else if (document.location.pathname && (document.location.pathname.indexOf("webapp/wcs/stores/servlet/OrderShippingBillingConfirmationView") > -1)) {//Checkout page, delivery details

            rewriteApi.add(function (buffer) { //Email to which the confirmation will be sent t = 0.000730073
                buffer = buffer.replace(/(emailed to[\s\S]+?)(<\/strong>)([\s\S]+?)(<\/p>)/i, function (m, g1, g2, g3, g4) {
                    if (g1 && g2 && g3 && g4) {
                        return g1 + g2 + g3.replace(/\w/g, '-') + g4;
                    }
                    return m;
                });
                return buffer;
            });

            rewriteApi.add(function (buffer) { //Order number t = 0.000420042
                buffer = buffer.replace(/(checkoutNumberConfirmation[\s\S]+?)(<strong>)([\s\S]+?)(<\/strong>)/i, function (m, g1, g2, g3, g4) {
                    if (g1 && g2 && g3 && g4) {
                        return g1 + g2 + g3.replace(/\w/g, '-') + g4;
                    }
                    return m;
                });
                return buffer;
            });

            rewriteApi.add(function (buffer) { //Delivery address t = 0.00070007
                buffer = buffer.replace(/(Delivery address[\s\S]+?)(<td>)([\s\S]+?)(<\/td>)/i, function (m, g1, g2, g3, g4) {
                    if (g1 && g2 && g3 && g4) {
                        return g1 + g2 + g3.replace(/\w/g, '-') + g4;
                    }
                    return m;
                });
                return buffer;
            });
            rewriteApi.add(function (buffer) { //order id  t = 0.000730073
                buffer = buffer.replace(/(<div[^>]*id="orderAmendRHSPanel"[^>]*>[\s\S]*?<a[^>]*onclick="[^"]*\/servlet\/OrderSummaryDisplay[^"]*[^>]*>)([\s\S]*?)(<\/a>)/i, function (m, g1, g2, g3) {
                    if (g1 && g2 && g3) {
                        return g1 + g2.replace(/\w/g, '-') + g3;
                    }
                    return m;
                });
                return buffer;
            });

        }
        // SAIS-7

        if (mobileFlagForReWriteRules) {
            if (document.location.href.indexOf('tustorefront/my-account') > -1) {
                rewriteApi.add({
                    pattern: /(class="addressHead">)([\s\S]*?)(<\/[\s\S]*?">)([\s\S]*?)(<\/div>)/i,
                    replace: '$1********$3********$5'
                });
                rewriteApi.add({
                    pattern: /(accountDeliveryName">)[\s\S]*?(<\/ul>)/gmi,
                    replace: '$1********<\/li><li>*****<\/li><li>*****<\/li><li>*****<\/li><li>*****<\/li>$2'
                });
            }
        }
        //My Account
        if (document.location.href.indexOf('https://tuclothing.sainsburys.co.uk/tustorefront/my-account') > -1) {
            // Works for Desktop+Mobile
            rewriteApi.add({
                pattern: /(class="feature-banner-text"[\s\S]*?<(h4|h2)>)([\s\S]*?)(<\/h)/i,
                replace: '$1********$4'
            });
            //Order details
            rewriteApi.add({
                pattern: /(<div class="stage[\s\S]*?<\/h3>)([\s\S]*?)(<\/div>)/gmi,
                replace: '$1********$3'
            });
            // For address book
            rewriteApi.add({
                pattern: /(id="address_book"[\s\S]+<th>)([\s\S]*?)(<\/th>[\s\S]*?<td>)([\s\S]*?)(<\/td>)/i,
                replace: '$1********$3*********$5'
            });

        } else if (document.location.href.indexOf('https://tuclothing.sainsburys.co.uk/tustorefront/checkout/multi/choose-delivery-method') > -1) {
            rewriteApi.add({
                pattern: /(<input id="continue"[\s\S]*?<td>)([\s\S]*?)(<\/td>)/gmi,
                replace: '$1********$3'
            });
        } else if (document.location.href.indexOf('tustorefront/checkout/multi/orderSummary') > -1) {
            rewriteApi.add({
                pattern: /(<p class="delivery-name">)([\s\S]*?)(<\/p>)/i,
                replace: '$1 ***,***, ***, ***, ***$3'
            });
        }
        rewriteApi.add({
            pattern: /(class="logged_in">Hello )[\s\S]*?(<\/li>)/gmi,
            replace: '$1********$3'
        });
    }
};

// End of user-defined pre WR code


window.ClickTalePrevOnReady = typeof window.ClickTaleOnReady == 'function' ? window.ClickTaleOnReady : void 0;

window.ClickTaleOnReady = function() {
	var PID=194, 
		Ratio=0.1, 
		PartitionPrefix="www16",
		SubsId=232923;
	
	if (window.navigator && window.navigator.loadPurpose === "preview") {
       return;
	};
		
	
	// Start of user-defined header code (PreInitialize)
	if (typeof ClickTaleSetAllSensitive === "function") {
    ClickTaleSetAllSensitive();
}

function isVisible(element){
    if(element){
        return (element.offsetWidth > 0 || element.offsetHeight > 0 || element.getClientRects().length > 0);
    } else return false;
}
window.ClickTaleSettings.PTC.InitFuncs = window.ClickTaleSettings.PTC.InitFuncs || [];
window.ClickTaleSettings.PTC.InitFuncs.push(function() {
    var pcc = document.querySelector('script[src*="clicktale"][src*="pcc"]');
    if (pcc) {
        var versionmatch = pcc.src.match(/DeploymentConfigName=(.+)/i);
        if (versionmatch && typeof ClickTaleExec === 'function') {
            ClickTaleExec("console.info('" + versionmatch[0] + "');");
            ClickTaleEvent("Config: " + versionmatch[1].replace(/\&.+/, ''));
        }
    }
});

function doUpload() {
    ClickTaleUploadPage();
    window.ClickTaleSSL = 1;
    ClickTale(PID, Ratio, PartitionPrefix);
    if ((typeof ClickTalePrevOnReady == 'function') && (ClickTaleOnReady.toString() != ClickTalePrevOnReady.toString())) {
        ClickTalePrevOnReady();
    }
}

function isReadyToRecord() {
    if (document.location.pathname === "/") {
        return isVisible(document.querySelectorAll('.slick-track')[0]);
    }
    else if(document.location.pathname === "/shop/gb/groceries"){
        return isVisible(document.querySelectorAll(".es-border-box")[0]);
    }
    return true;
}

function doOnlyWhen(toDoHandler, toCheckHandler, interval, times, failHandler) {
    if ((!toDoHandler) || (!toCheckHandler)) return;
    if (typeof interval == "undefined") interval = 1000;
    if (typeof times == "undefined") times = 20;
    if (--times < 0) {
        if (typeof failHandler === 'function') {
            failHandler();
        }
        return;
    }
    if (toCheckHandler()) {
        toDoHandler();
        return;
    }
    setTimeout(function () { doOnlyWhen(toDoHandler, toCheckHandler, interval, times, failHandler); }, interval);
};

if (typeof ClickTaleUploadPage === 'function' && window.ClickTaleSettings.PTC.UseTransport) {
    if(window.ClickTaleSettings.PTC.EnableChangeMonitor){
		if (typeof ClickTaleEvent === "function") {
					ClickTaleEvent("CM");
		}
	}
    doOnlyWhen(doUpload, isReadyToRecord, 300, 20, doUpload);
    var initFuncs = window.ClickTaleSettings.PTC.InitFuncs;
    for (var i = 0, initLen = initFuncs.length; i < initLen; i++) {
        if (typeof initFuncs[i] === 'function') {
            initFuncs[i]();
        }
    }
    return;
}

	// End of user-defined header code (PreInitialize)
    
	
	window.ClickTaleIncludedOnDOMReady=true;
	
	ClickTaleGlobal.init.isAllowed && ClickTale(PID, Ratio, PartitionPrefix, SubsId);
	
	if((typeof ClickTalePrevOnReady == 'function') && (ClickTaleOnReady.toString() != ClickTalePrevOnReady.toString()))
	{
    	ClickTalePrevOnReady();
	}
	
	
	// Start of user-defined footer code
	
	// End of user-defined footer code
	
}; 
(function() {
	var div = ClickTaleCreateDOMElement("div");
	div.id = "ClickTaleDiv";
	div.style.display = "none";
	document.body.appendChild(div);

	
	
	var wrScript = ClickTaleCreateDOMElement("script"),
		wrSrc = (document.location.protocol=='https:' ? 'https://cdnssl.clicktale.net/www/' : 'http://cdn.clicktale.net/www/') + 'tc/WR-latest.js';
	wrScript.src = (window.ClickTaleCDNHTTPSRewrite ? ClickTaleCDNHTTPSRewrite(wrSrc) : wrSrc);
	wrScript.type = 'text/javascript';
		wrScript.async = true;
		ClickTaleGlobal.init.isAllowed && document.body.appendChild(wrScript);
})();





!function(){function t(){window.addEventListener&&addEventListener("message",e,!1)}function e(t){var e,o=new RegExp("(clicktale.com|qa-core.app.clicktale.com)($|:)"),c=new RegExp("qa-core.app.clicktale.com"),i=!1,a=t.origin;try{e=JSON.parse(t.data)}catch(l){return}o.test(t.origin)!==!1&&(window.ct_ve_parent_window=t.source,c.test(t.origin)===!0&&(i=!0),"CTload_ve"===e["function"]&&"function"==typeof ClickTaleGetPID&&null!==ClickTaleGetPID()&&n(a,i))}function o(t){return document.createElementNS?document.createElementNS("http://www.w3.org/1999/xhtml",t):document.createElement(t)}function n(t,e){var n=o("script");n.setAttribute("type","text/javascript"),n.setAttribute("id","ctVisualEditorClientModule");var c;c=e?document.location.protocol+"//qa-core.app.clicktale.com/VisualEditor/Client/dist/veClientModule.js":document.location.protocol+"//"+t.match(/subs\d*/)[0]+".app.clicktale.com/VisualEditor/Client/dist/veClientModule.js",n.src=c,document.getElementById("ctVisualEditorClientModule")||document.body.appendChild(n)}try{var c=window.chrome,i=window.navigator&&window.navigator.vendor;null!==c&&void 0!==c&&"Google Inc."===i&&t()}catch(a){}}();</script><script type="text/javascript" src="http://cdn.clicktale.net/www16/pcc/5ea22b8e-c62f-443c-a41b-bb50b30c6fc6.js?DeploymentConfigName=Release_20170316&amp;Version=2"></script><script src="https://cdna.clicktale.net/www/tc/monitor-1.3.9.js" async="" type="text/javascript"></script><div id="ClickTaleDiv" style="display: none;"></div>
<script src="http://cdn.clicktale.net/www/tc/WR-latest.js" type="text/javascript" async=""></script><script src="http://cdn.clicktale.net/www/ChangeMonitor-latest.js"></script><iframe src="//reporting.sainsburys-online.com/cgi-bin/rr/blank.gif?nourl=www.sainsburys.co.uk/webapp/wcs/stores/servlet/gb/groceries/drinks/pre-mixed-cans" height="0" width="0" style="display:none;"></iframe>
</body>
</html>
